2880 4920
694 295 738 305 ...
785 272 913 339 9¹4...

328 460 416 515 Haec
451 469 550 517 autem
589 469 665 530 sunt,
704 478 781 534 quae
818 459 857 517 de
891 459 1017 534 nuptiali
1056 469 1084 516 et
1123 459 1274 535 coniugali
1313 462 1390 517 Mar-

221 565 258 623 tis
282 565 310 622 vi
335 565 431 622 afferri
456 566 581 639 possint,
607 565 715 641 quibus
740 577 821 624 certa
845 585 912 622 cum
937 566 997 624 lide
1014 564 1169 631 Talasium
1193 566 1284 625 fuisse
1307 577 1390 624 vetus

222 672 326 729 Martis
351 690 520 747 cognomen
545 673 673 731 evadere
696 674 778 731 haud
802 672 1053 731 contenderimus.
1102 675 1172 730 Hoc
1196 692 1266 731 vero
1291 675 1391 732 dicere

221 799 283 838 non
307 797 451 850 veremur,
477 780 680 837 coniecturam
703 791 835 838 nostram
870 780 958 837 nobis
990 780 1084 838 videri
1116 780 1270 838 meliorem
1300 800 1389 855 quarn

222 906 299 962 quae
323 887 361 944 ab
387 887 452 944 aliis
477 887 649 962 propositae
673 898 749 945 sunt.
798 889 840 945 Ut
864 888 944 944 enim
981 887 1153 945 omittamus
1186 888 1390 946 coniecturam

221 994 390 1064 Mercklini,
416 994 466 1069 qui
483 996 656 1070 Neptunum
680 1014 698 1052 a
721 995 867 1069 coniugiis
885 1013 957 1052 sane
974 992 1188 1052 alienissimum
1205 995 1294 1052 deum
1319 1014 1391 1069 nup-

221 1103 322 1160 tialem
346 1102 444 1159 lacere
468 1102 587 1171 studuit,
603 1098 627 1179 ¹)
650 1121 748 1176 neque
772 1102 977 1159 Rossbachius
1002 1120 1099 1176 neque
1116 1102 1289 1159 Huschkius
1313 1121 1391 1177 <luae

221 1209 407 1283 protulerunt
430 1209 491 1266 ullo
516 1219 691 1283 argumento
716 1218 876 1283 potuerunt
899 1209 1038 1283 probare.

805 1459 836 1534 3.

329 1675 434 1730 Restat
458 1682 489 1730 ut
513 1671 551 1730 de
575 1675 601 1730 T
604 1659 697 1730 alasii
713 1668 893 1748 imaginibus
918 1669 1063 1743 dicamus,
1088 1672 1119 1729 id
1143 1672 1225 1747 quod
1249 1673 1391 1747 parmissi-

222 1778 277 1838 mis
301 1780 399 1837 verbis
423 1781 492 1837 licet
515 1779 686 1854 transigere.
724 1780 845 1836 Nullam
870 1779 949 1837 enim
974 1780 1119 1837 habemus
1144 1779 1193 1837 dei
1217 1779 1389 1855 imaginem,

223 1904 290 1944 cum
315 1906 385 1958 eae,
411 1906 489 1961 quae
512 1887 587 1944 sorte
611 1886 766 1944 'l‘alasium
784 1887 947 1945 ostendere
973 1886 1071 1944 dictae
1096 1897 1181 1957 sunt,
1211 1905 1273 1943 non
1297 1887 1389 1954 illum,

224 1991 277 2052 sed
301 1996 512 2069 Hymenaeum
529 1993 709 2070 praebeant,
726 1993 776 2062 ita,
795 2005 825 2052 ut
842 1995 999 2051 afferamus
1017 1994 1195 2068 exemplum,
1213 1994 1353 2051 l'anoska
1367 1987 1390 2070 2)

223 2101 253 2158 in
278 2101 381 2158 tabula
404 2100 590 2175 Pompeiana
622 2100 798 2176 Iphigeniae
829 2100 1079 2158 sacrificationem
1110 2100 1270 2159 exhibente
1301 2120 1389 2175 quem

222 2208 349 2267 credidit
374 2210 594 2282 Hymenaeum,
619 2208 774 2265 'l'alasium
798 2208 925 2265 vocavit.
944 2208 998 2265 Ille
1023 2226 1094 2265 vero
1119 2208 1170 2283 qui
1195 2209 1353 2266 dicebatur
1366 2202 1390 2284 3)

222 2312 361 2374 ‘l‘alasius
385 2315 415 2387 in
440 2333 510 2372 vase
534 2315 615 2390 picto
632 2315 818 2373 collectionis
837 2312 1057 2374 Middletoniae
1070 2310 1098 2397 4)
1115 2316 1241 2390 Sappho
1257 2315 1390 2390 genium·

223 2441 280 2499 que
304 2424 415 2480 alatum
439 2421 612 2496 praebente,
638 2421 714 2480 inter
738 2442 812 2498 quos
836 2422 943 2498 legitur
969 2426 1134 2489 ΤᾸΛΑΣ,
1169 2420 1251 2480 nulla
1275 2422 1390 2480 ratione

223 2541 324 2588 noster
347 2530 420 2588 deus
444 2548 509 2587 esse
532 2539 639 2604 potest.
664 2530 734 2602 Quo
758 2530 837 2588 enirn
860 2529 953 2588 modo
969 2529 1032 2588 fieri
1056 2529 1161 2604 potuit,
1180 2540 1210 2587 ut
1233 2530 1307 2588 deus
1324 2549 1388 2604 pro-

222 2637 286 2712 prie
319 2637 440 2694 Italicus
474 2636 504 2693 in
536 2656 607 2695 vase
645 2637 764 2695 Graeco
797 2638 929 2713 optimae
964 2637 1034 2727 artis
1065 2637 1169 2695 aetatis
1203 2637 1389 2713 tingeretur?

222 2745 344 2803 Nullum
368 2743 493 2801 dubium
511 2743 582 2819 quin
607 2754 685 2802 recte
702 2744 876 2803 iudicaverit
892 2744 1024 2815 Iahnius,
1040 2739 1063 2821 5)
1088 2743 1138 2818 qui
1161 2744 1282 2820 genium
1306 2744 1387 2801 illum

222 2852 312 2910 deum
335 2851 455 2908 infausti
480 2851 589 2909 amoris
613 2871 678 2910 esse
702 2852 776 2909 dixit
801 2844 921 2938 (Ἔρως
943 2846 1071 2927 τάλας.)

222 3080 431 3088 ——--—-·-—-

334 3239 354 3307 ¹)
373 3240 526 3290 Mercldinus
546 3256 597 3289 non
617 3241 710 3304 prinms
729 3241 858 3290 Talasium
889 3257 977 3289 vocem
997 3241 1029 3289 ad
1049 3257 1117 3290 mare
1135 3249 1245 3304 spectare
1272 3242 1386 3291 credidit.

221 3330 260 3378 Ita
289 3330 357 3378 enim
383 3330 557 3398 Becmannus,
591 3330 622 3379 de
646 3331 709 3394 orig.
730 3331 748 3378 l.
769 3332 800 3379 L.
821 3347 842 3379 s.
863 3347 905 3383 r.:
928 3330 1075 3378 Servire
1103 3331 1308 3380 Thalassio
1335 3341 1389 3379 est

221 3420 399 3468 Venerem
428 3420 570 3468 sectari
607 3420 685 3468 sive
720 3435 866 3484 operam
901 3420 988 3468 dare
1022 3419 1170 3469 liberis.
1217 3421 1338 3469 Venus
1375 3438 1389 3468 e

224 3507 312 3556 mari
340 3515 422 3554 orta
450 3506 603 3571 fingitur
630 3525 645 3557 a
672 3509 942 3573 poetis--quae
970 3525 1056 3573 ergo
1084 3525 1212 3576 causa,
1233 3524 1293 3557 cur
1319 3527 1389 3558 nou

221 3614 236 3645 a
255 3592 382 3646 θάλασσα
404 3596 604 3650 formetur?
618 3597 658 3646 Cf.
679 3598 798 3658 Koehler,
816 3600 848 3648 (le
861 3600 939 3662 Hym.
961 3606 986 3647 et
998 3599 1084 3647 Talus.
1106 3597 1123 3664 ᾗ
1147 3599 1177 3646 16
1196 3609 1220 3648 et
1232 3600 1387 3668 Mammium,

220 3687 270 3736 lex.
296 3686 467 3752 phil-etym.
494 3704 515 3737 s.
543 3705 567 3736 v.
605 3688 692 3737 Simile
719 3689 779 3752 quid
798 3689 933 3738 Forcellini
958 3705 978 3737 s.
999 3704 1024 3736 v.
1047 3688 1131 3736 affert:
1166 3696 1248 3736 sunt
1276 3689 1388 3738 etiam

221 3777 282 3840 qui
302 3784 465 3837 censent,
487 3777 1138 3845 quiasalsedostimulatVenerem,
1165 3778 1389 3827 undeetVe·

221 3882 284 3914 nus
311 3881 325 3914 e
355 3867 444 3914 mari
472 3873 553 3914 orta
582 3865 763 3928 lingitur,
795 3865 882 3914 hinc
910 3866 1389 3935 Thalassi-orremappella-

220 3962 256 4003 tu
266 3971 291 4005 m
311 3970 325 4002 a
345 3949 477 4005 θάλασσα.

329 4059 350 4129 ²)
370 4062 447 4110 Arch.
469 4063 524 4126 Ztg.
546 4062 582 4110 VI
605 4061 679 4120 1848,
702 4078 727 4124 p.
751 4059 813 4124 72*;
837 4061 870 4110 cs.
891 4062 994 4126 llelbig,
1017 4061 1121 4127 dem.
1147 4063 1238 4126 Carnp.
1260 4080 1285 4112 n.
1311 4074 1387 4127 1305.

328 4167 349 4238 ⁸)
369 4170 410 4220 Cf.
430 4164 532 4230 Beck'er,
556 4170 645 4219 Gallus
664 4171 688 4219 II
707 4187 733 4234 p.
756 4179 799 4234 25.

327 4274 349 4345 ⁴)
369 4278 450 4328 Catal.
471 4278 577 4326 Durand
595 4294 621 4340 p.
646 4279 704 4327 160.

328 4382 349 4451 ⁵)
368 4386 431 4436 Ueb.
448 4384 566 4434 Darstell.
583 4402 620 4449 gr.
635 4386 721 4434 Dicht.
740 4402 764 4434 a.
776 4384 924 4436 Vasenbild.
939 4402 965 4450 p.
980 4396 1042 4446 7143
1057 4385 1199 4454 (Abhandl.
1212 4388 1238 4436 d.
1250 4386 1277 4436 k.
1290 4388 1389 4437 saeclis.

221 4475 282 4524 Ges.
297 4475 323 4524 (l.
338 4474 415 4523 Wiss.
432 4475 492 4523 Vlll
508 4472 599 4540 1861);
618 4474 651 4522 el.
671 4475 747 4526 etiarn
756 4473 864 4543 Koerte,
878 4477 921 4524 lib.
935 4476 1081 4525 I‘ersonitilr.
1094 4478 1180 4541 psych.
1193 4476 1291 4526 affecte
1305 4495 1331 4541 p.
1344 4479 1388 4528 80.
