2880 4920
624 275 842 335 ..5,..

143 475 193 516 ces
217 455 316 515 deum
337 455 503 532 nuptialem
533 474 570 514 eo
605 457 727 516 demum
759 469 894 533 tempore
926 457 1056 527 tinxisse,
1083 477 1145 533 quo
1176 456 1235 515 iam
1268 456 1320 515 diu

143 563 195 621 illa
231 563 313 622 inter
341 563 493 622 Bacchum
523 564 793 639 Hymenaeumque
832 563 1023 623 necessitudo
1066 563 1221 622 oblivione
1256 574 1320 622 erat

144 672 267 730 obruta.
316 670 487 747 Fingebant
520 671 608 748 igitur
632 672 722 730 deum
747 683 850 729 cantus
875 672 1056 747 nuptiarum,
1082 670 1232 748 Apollinis
1256 673 1320 729 Mu·

146 797 263 854 saeque
287 777 391 848 filium,
410 778 553 853 Cupidini
577 778 778 854 propinquum
803 790 832 838 et
850 781 1017 850 finitimum,
1035 780 1077 837 ita
1100 789 1131 837 ut
1155 799 1190 838 ex
1214 778 1255 837 rei
1271 797 1322 836 na·

146 896 212 944 tura
237 904 285 945 res
309 887 459 962 quaedam
484 907 502 945 a
527 883 676 962 Cupidine
700 899 836 964 sumptae
861 889 890 945 in
915 888 996 946 illum
1021 887 1213 946 deferrentur.

254 995 292 1052 In
316 998 349 1056 Β
371 995 542 1071 anaglypho
571 996 765 1071 Hymenaeus
788 997 879 1072 longe
904 996 994 1054 aliam
1019 994 1143 1071 praebet
1167 992 1319 1069 speciem:

148 1111 191 1160 est
215 1101 298 1160 enim
322 1102 396 1161 deus
421 1102 597 1161 adulescens
622 1103 687 1161 sine
711 1103 820 1178 pinnis,
838 1100 859 1186 ¹)
907 1113 989 1162 veste
1012 1102 1172 1171 involutus,
1197 1101 1321 1177 longam

149 1209 245 1267 facem
270 1210 411 1267 manibus
434 1220 564 1286 gestans.
593 1212 639 1268 Ea
662 1229 740 1285 quae
764 1210 969 1268 Rossbachius
994 1210 1033 1268 de
1057 1219 1169 1267 statura
1192 1208 1255 1267 eius
1279 1207 1322 1266 di·

149 1315 186 1373 cit
219 1312 313 1394 „eine
337 1311 412 1395 fust
442 1312 679 1397 taaaaroaye,
711 1313 791 1377 ollas
821 1313 1016 1377 Idrolisraas
1049 1314 1146 1377 boore
1179 1309 1322 1375 Gestald‘

149 1423 249 1497 paullo
276 1421 382 1480 fortius
407 1422 588 1493 dictasunt,
614 1424 638 1481 si
663 1424 738 1483 fides
762 1425 905 1483 habenda
928 1435 973 1482 est
995 1423 1138 1481 Brunnio.
1162 1424 1208 1480 Ac
1232 1424 1321 1480 Ross-

147 1528 248 1587 bachii
282 1528 427 1604 opinione
451 1531 620 1605 Hymenaei
649 1531 727 1589 illius
758 1531 850 1590 facies
878 1533 966 1590 refert
997 1529 1159 1606 imaginem
1190 1529 1322 1587 Romani

146 1637 306 1695 cuiusdam
331 1636 540 1708 adulescentia
566 1657 713 1713 quaeres
738 1639 762 1697 si
786 1658 855 1698 vere
878 1638 920 1697 ita
950 1657 982 1696 se
1014 1638 1124 1707 habet,
1157 1636 1322 1713 imaginem

143 1743 227 1818 pueri
266 1743 388 1819 patrimi
420 1754 448 1802 et
479 1745 608 1802 matrimi
643 1755 712 1804 ante
748 1748 851 1806 oculos
888 1748 1044 1805 habemus.
1102 1744 1247 1803 Notanda
1279 1755 1323 1803 est

141 1861 309 1927 praeterea
333 1869 370 1908 ea
393 1869 449 1921 res,
475 1851 557 1926 quod
581 1862 671 1927 caput
695 1852 744 1911 dei
769 1854 861 1912 nostri
886 1854 953 1912 velo
970 1864 1015 1911 est
1038 1862 1183 1929 opertum.
1232 1852 1321 1910 Corn-

136 1969 229 2034 parat
256 1958 465 2017 Rossbachius
495 1959 662 2034 aptissime,
695 1971 726 2019 ut
756 1962 844 2020 nobis
877 1962 1006 2032 videtur,
1037 1961 1229 2030 flammeum,
1262 1978 1321 2035 quo

129 2076 235 2141 nupta
284 2075 376 2140 caput
406 2066 505 2124 velare
538 2066 664 2134 solebat,
701 2077 729 2127 et
761 2069 865 2152 laudat
907 2087 1024 2127 versum
1062 2067 1185 2126 Catulli:
1227 2063 1322 2146 flom-

129 2189 247 2235 meum
275 2189 360 2250 cape.

254 2279 354 2338 Simili
378 2279 482 2338 habitu
506 2281 560 2339 etsi
584 2301 647 2340 non
671 2294 755 2342 tanta
780 2284 933 2360 praeditus
962 2293 1119 2342 venustate
1151 2292 1265 2357 quanta
1292 2281 1322 2338 in

127 2391 268 2468 pictura
293 2387 481 2463 Pompeiana
505 2390 700 2463 Hymenaeus
731 2402 776 2450 est
799 2393 829 2450 in
861 2391 1032 2468 anaglypho
1056 2389 1235 2465 sarcophagi
1259 2391 1323 2446 Mu-

126 2498 177 2558 sei
221 2492 635 2581 Pio-Clementini:‘·')
668 2499 748 2557 venit
786 2518 898 2576 pompa
932 2497 1165 2557 sacrificantium
1202 2515 1220 2554 a
1253 2496 1321 2554 sini·

125 2617 206 2674 stra,
240 2602 275 2660 in
311 2614 395 2678 parte
419 2605 569 2663 contraria
593 2606 762 2664 dextrarum
786 2608 819 2665 fit
843 2606 965 2674 iunctio,
988 2606 1018 2663 in
1049 2604 1150 2664 medio
1184 2613 1241 2662 stat
1271 2604 1321 2663 ad·

126 2729 251 2773 versus
276 2710 351 2768 deus
376 2711 552 2771 adulescens
576 2715 674 2772 nudus
699 2715 777 2772 bene
801 2725 946 2784 comatus,
972 2712 1144 2790 permagnis
1169 2709 1321 2787 praeditus

128 2821 204 2891 alis,
235 2836 366 2894 quarum
391 2818 511 2878 sinistra
534 2821 689 2896 aliquanto
714 2831 759 2879 est
782 2822 879 2880 maior
902 2841 992 2897 quam
1016 2821 1148 2891 dextera,
1174 2819 1205 2876 in
1228 2817 1321 2876 mani·

129 3053 161 3101 d.
183 3049 292 3117 gefliig.
313 3049 408 3108 Dion.;
432 3051 555 3111 Welclrer,
577 3053 627 3102 Rh.
651 3055 688 3102 M.
712 3053 744 3102 Vl
763 3068 790 3116 p.
815 3062 864 3116 592
884 3069 922 3117 sq.
943 3052 1035 3100 Mllller
1052 3050 1125 3099 Hdb.
1154 3047 1171 3115 ξ
1191 3048 1252 3112 383.
1273 3047 1321 3095 Mi-

130 3140 250 3198 chaelis,
272 3155 329 3188 ane.
350 3140 440 3189 marbl.
461 3140 487 3189 in
506 3141 583 3191 Great
601 3143 674 3209 Bria,
696 3141 855 3190 Broadlands
873 3157 899 3189 n.
921 3150 964 3204 25.

257 3224 279 3295 ¹)
298 3228 357 3277 Nou
376 3230 508 3292 probanda
526 3248 590 3296 quae
610 3232 741 3281 contendit
759 3231 883 3280 Brunnius
901 3230 1011 3279 scribens
1023 3229 1041 3278 l.
1056 3228 1074 3278 l.
1089 3245 1115 3293 p.
1137 3240 1196 3290 193:
1220 3243 1234 3275 e
1261 3226 1322 3290 poi

134 3321 181 3369 da
213 3324 351 3369 notare
389 3319 551 3370 siccome
579 3321 782 3370 eccezione
810 3320 846 3368 di
874 3319 984 3368 veder
1010 3318 1194 3367 l’Imeneo
1218 3316 1321 3365 senz'

79 3452 82 3491 l
137 3410 216 3479 ali,
250 3409 315 3459 che
342 3411 376 3460 in
404 3412 496 3461 tutti
523 3412 577 3476 gli
605 3412 696 3461 altri
724 3410 859 3460 rilievi
887 3409 1031 3459 nuziali
1060 3406 1321 3471 nongliman·

137 3515 240 3549 cano
267 3500 355 3568 mai,
384 3502 440 3551 sia
468 3501 531 3550 che
559 3501 588 3549 si
616 3499 1036 3570 rappresentisecondo
1060 3499 1087 3546 il
1115 3497 1203 3546 mito
1223 3512 1322 3544 corne

140 3593 312 3656 giovane
348 3591 498 3658 adulto,
538 3592 593 3640 sia
630 3607 730 3640 corne
767 3598 874 3655 putto
907 3588 1221 3652 rassomigliante
1254 3584 1321 3634 all¹

142 3683 167 3730 Α
178 3698 206 3730 ιιι
218 3695 284 3728 ore
302 3691 349 3730 etc.
374 3681 504 3746 Spectatur
522 3680 588 3731 enim
602 3682 762 3746 Hymenaeus
782 3680 929 3729 adulescens
947 3678 1002 3727 sine
1014 3679 1060 3726 alis
1079 3685 1103 3726 et
1122 3677 1147 3725 in
1161 3674 1320 3741 anaglyphis,

143 3787 212 3836 quae
233 3768 340 3819 Medeae
357 3771 384 3820 in
403 3771 518 3821 Glaucen
537 3772 644 3821 furorem
664 3772 798 3836 praebent,
821 3778 846 3820 et
863 3770 889 3818 in
909 3786 955 3837 eo,
975 3784 1025 3832 quo
1050 3765 1148 3816 effictae
1180 3772 1237 3814 sunt
1255 3764 1322 3813 Pelei

144 3870 170 3909 et
189 3857 311 3908 Thetidis
329 3860 439 3925 nuptiae.
479 3859 630 3925 Cupidinem
649 3876 708 3910 vero
727 3861 781 3910 siue
807 3860 872 3926 alis,
899 3874 974 3924 quem
997 3856 1120 3904 Brunnius
1146 3855 1322 3919 Hymenaeum

146 3964 202 3999 esse
224 3944 312 4014 volarit,
332 3947 394 3996 haec
413 3948 548 3998 ostendunt
567 3949 727 4013 anaglypha:
755 3949 779 4016 1)
798 3965 822 3998 a.
850 3946 1011 4011 sarcophagi,
1037 3945 1078 4009 qui
1104 3951 1142 3993 est
1169 3944 1195 3992 in
1219 3942 1322 3991 aedibus

146 4038 229 4088 sacris
247 4035 333 4086 Sancti
347 4036 475 4086 Laurentii
488 4045 556 4086 extra
576 4054 659 4086 muros
677 4038 784 4086 Romae.
824 4037 851 4104 2)
870 4054 894 4086 a.
922 4053 943 4084 s.
964 4036 990 4083 in
1019 4034 1079 4083 villa
1091 4033 1210 4082 'laverna
1228 4031 1321 4079 Tuscu-

147 4127 219 4177 lana.
235 4125 265 4194 3)
278 4142 302 4175 a.
318 4141 339 4175 s.
353 4127 482 4192 quondam
502 4128 528 4176 in
548 4127 608 4175 villa
621 4127 737 4176 Medicea
750 4127 856 4185 Romae,
873 4141 939 4174 nunc
957 4126 982 4174 in
996 4123 1094 4174 Usticiis
1107 4121 1261 4171 Florentiae.
1274 4119 1324 4168 His

148 4219 179 4269 de
198 4215 353 4281 anaglyphis
369 4218 429 4267 vide
447 4234 510 4282 quae
529 4217 593 4266 intra
611 4218 733 4266 dicentur.

258 4304 360 4377 ¹)vid.
381 4308 509 4366 Guattani,
542 4324 612 4356 mon.
633 4314 685 4356 ant.
710 4306 785 4368 1785.
825 4307 923 4371 Agosto
943 4306 979 4355 tb.
1001 4306 1019 4354 ll
1039 4320 1065 4368 p.
1092 4305 1165 4362 LXl;
1194 4302 1320 4370 Pistolesi,

147 4402 208 4451 Vat.
228 4400 313 4450 deser.
334 4399 402 4461 Vp.
427 4397 487 4456 181;
511 4397 647 4464 Boettiger,
668 4396 766 4445 aldobr.
788 4395 881 4444 Hchzt.
902 4411 927 4458 p.
953 4407 1016 4457 1493
1039 4393 1141 4444 Beschr.
1169 4392 1196 4440 d.
1224 4391 1260 4440 St.
1287 4392 1320 4442 R.

147 4492 191 4543 112
211 4506 240 4556 p.
263 4501 329 4547 2203
352 4488 447 4557 Zoega,
468 4487 560 4537 Bassir.
581 4487 635 4557 lp.
659 4495 725 4555 255;
747 4485 840 4534 Rossb.
860 4483 940 4539 Diem.
960 4499 987 4550 p.
1009 4496 1053 4546 94.
