2880 4920
692 241 911 303 ..6,-

321 435 601 500 Winckelmannus·
611 452 640 501 et
664 441 760 502 Carli:
785 461 804 518 g
815 461 832 500 e
844 462 863 499 n
874 442 884 499 i
895 461 913 500 u
924 461 953 500 m
986 445 1020 502 M
1030 462 1046 503 e
1057 443 1078 502 d
1088 462 1106 502 e
1116 463 1134 503 a
1144 461 1170 515 e,

321 550 525 626 Boettigerus:
551 549 847 625 paedagogum
880 549 1127 622 liberorum,

292 719 295 727 ‚
321 658 437 732 Zoega:
463 675 538 733 gen
549 656 559 713 i
570 675 628 715 um
660 676 678 712 v
689 675 735 714 en
746 675 763 715 e
773 657 787 713 f
793 657 802 714 i
812 675 829 714 c
840 657 848 714 i
859 657 868 714 i
892 655 1043 733 <probavit
1059 658 1138 716 hanc
1154 658 1388 734 explicationem

214 764 397 840 Lessingius‚
423 764 461 822 de
484 774 571 822 mort.
596 782 644 839 ap.
670 773 727 822 vet.
752 764 802 839 fig.
827 783 856 839 p.
884 757 947 847 50),

322 870 420 929 Millin
444 880 473 928 et
497 870 621 928 Clarae:
647 871 942 945 Hymenaeum,

321 977 468 1047 visconti,
489 976 683 1046 GerhardiuS,
702 977 814 1047 Labus,
839 977 987 1036 Rochette
1001 991 1007 1036 :
1032 997 1052 1054 g
1063 996 1109 1037 en
1120 978 1129 1036 i
1140 997 1158 1037 u
1171 999 1201 1037 m
1226 1000 1256 1038 m
1267 981 1390 1054 ortis,

321 1083 553 1153 Feuerbachius,
578 1082 710 1153 Iahnius,
746 1082 914 1156 Diltheyus,
939 1084 1156 1156 Rossbachius,
1190 1088 1390 1159 Maia-Duhn,

215 1192 417 1250 Diitschkius:
459 1192 748 1266 Hymenaeum
786 1189 826 1247 in
858 1190 1025 1266 genium
1056 1193 1207 1251 mortis
1243 1203 1392 1255 trans·

216 1301 453 1358 formatum.
1024 1362 1027 1366 .

322 1406 467 1464 Videmus
498 1405 587 1481 igitur
616 1392 734 1463 omissis
765 1405 907 1476 Bartolii,
937 1407 1190 1480 Winckelmanni,
1225 1411 1394 1487 Boettigeri

215 1515 394 1589 Zoegaeque
418 1511 722 1588 interpretationibus,
748 1530 825 1587 quae
849 1514 939 1588 plane
963 1515 1183 1591 improbandae
1206 1527 1295 1589 sunt,
1332 1529 1394 1577 tres

180 1633 185 1643 ’
216 1638 281 1679 esse
305 1620 529 1696 explicationes,
555 1638 591 1678 ex
614 1619 723 1695 quibus
747 1618 836 1677 nobis
860 1638 920 1679 nna
943 1621 982 1679 sit
1004 1622 1154 1696 eligenda,
1186 1623 1245 1682 nisi
1279 1643 1394 1685 novam

216 1727 348 1802 proferre
379 1727 487 1802 placet.
535 1727 645 1784 Nostra
680 1735 777 1785 aetate
816 1726 870 1784 viri
909 1727 992 1787 docti
1028 1731 1052 1786 F
1054 1730 1268 1797 euerbachium
1296 1732 1396 1791 secuti

216 1835 439 1893 adulescentem
463 1843 645 1892 vocaverunt
668 1834 888 1908 Hymenaeum,
914 1853 1003 1911 quem
1027 1836 1130 1895 mortis
1147 1837 1251 1914 signis,
1277 1839 1397 1898 scilicet

216 1942 282 2000 sace
306 1942 424 2000 inversa
448 1952 477 2000 et
499 1941 711 2017 papaveribus,
724 1942 827 2000 mortis
851 1943 973 2018 genium
997 1945 1108 2002 factum
1132 1963 1198 2004 esse
1222 1946 1394 2005 voluerunt.

124 2053 128 2059 ’
217 2051 308 2107 Hanc
331 2048 507 2125 opinionem
538 2047 657 2107 uberius
681 2049 819 2134 tractavit
841 2049 998 2125 Diltheyus
1031 2049 1153 2128 (Annal.
1185 2052 1215 2111 d.
1248 2054 1273 2111 1.
1300 2055 1319 2112 1.
1350 2054 1394 2133 1.),

217 2156 269 2214 ubi
292 2175 398 2215 causas
423 2154 520 2213 attulit
542 2157 712 2239 nonnullas,
738 2157 846 2233 quibus
871 2157 934 2215 fieri
958 2158 1097 2233 potuerit,
1123 2168 1154 2217 ut
1176 2158 1251 2218 deus
1275 2161 1395 2237 nuptia·

216 2265 252 2323 lis
277 2264 451 2343 ingenium
475 2264 630 2322 funebrem
654 2274 894 2324 commutaretur.

323 2375 364 2430 At
387 2382 491 2430 nostra
514 2372 662 2430 sententia
685 2382 865 2443 erraverunt,
891 2373 942 2448 qui
970 2375 1181 2449 Hymenaeum
1204 2374 1309 2433 mortis
1345 2394 1389 2452 ge·
1436 2450 1438 2455 Ι

217 2483 301 2542 nium
324 2500 456 2558 unquam
480 2481 570 2541 fuisse
591 2481 832 2540 existimaverint.
869 2481 1027 2557 Diltheyus
1050 2481 1186 2557 inprimis
1214 2481 1301 2541 dedit
1323 2500 1394 2558 ope
1435 2552 1438 2557 ¹

218 2610 290 2661 ram,
307 2600 337 2648 ut
361 2608 451 2665 quam
476 2588 686 2668 arte'suissent
709 2588 888 2648 coniunctae
911 2589 994 2665 apud
1016 2599 1130 2647 veteres
1154 2606 1234 2647 mors
1258 2589 1394 2665 nuptiae·

218 2716 285 2774 que,
316 2697 553 2771 demonstraret3
587 2705 709 2772 propter
743 2696 822 2755 hanc
852 2715 949 2754 rerum
994 2695 1248 2755 necessitudinem
1282 2698 1394 2770 Hyme-

217 2824 328 2865 naeum
350 2804 472 2881 genium
496 2803 598 2861 mortis
623 2804 735 2862 sactum
759 2823 825 2863 esse
848 2814 961 2863 censet.

324 2915 390 2988 Age
414 2911 568 2969 videamus
592 2922 687 2970 artam
710 2911 793 2969 illam
817 2911 987 2986 nuptiarum
1011 2911 1174 2987 mortisque
1206 2911 1394 2970 coniunctio·

116 3048 122 3059 ν
217 3039 297 3090 nem,
323 3038 412 3095 quam
436 3018 568 3093 Diltheyi
592 3018 778 3094 aliorumque
802 3018 945 3094 opinione
968 3037 1022 3093 per
1044 3002 1140 3078 totum
1162 3028 1296 3078 veterum
1319 3019 1395 3078 litte-

219 3147 317 3186 rarum
342 3145 459 3184 cursum
483 3143 669 3201 cognoscere
692 3125 770 3183 licet.
787 3119 809 3208 ¹)
835 3159 878 3167 -
901 3126 937 3183 Id
961 3125 1083 3202 quidem
1100 3125 1224 3185 minime
1246 3144 1394 3202 negamus

219 3234 338 3310 nuptias
363 3243 391 3292 et
416 3243 541 3291 mortem
566 3233 741 3309 saepissime
766 3253 784 3290 a
806 3232 954 3291 veteribus
979 3251 1044 3291 esse
1066 3233 1142 3292 inter
1165 3251 1197 3292 se
1221 3233 1393 3309 oppositas:

219 3341 391 3416 nuptiarum
426 3339 540 3399 laetitia
567 3340 717 3398 contraria
745 3350 789 3398 est
819 3339 921 3398 mortis
954 3339 1126 3416 funerisque
1156 3339 1300 3399 tristitiae.
1350 3342 1395 3399 Ea

220 3459 319 3508 autem
344 3467 399 3517 res,
416 3447 498 3523 quod
521 3447 641 3523 nuptias
666 3446 853 3522 potissimum
877 3447 1013 3506 videmus
1037 3447 1192 3523 oppositas
1216 3447 1315 3514 morti,
1333 3466 1396 3506 non

220 3555 349 3632 exempli
372 3555 469 3632 gratia
492 3555 573 3614 diem
596 3555 728 3613 natalem
752 3554 865 3613 aliosve
888 3555 952 3614 dies
976 3556 1077 3625 festos,
1104 3554 1192 3613 facile
1215 3565 1315 3630 potest
1348 3573 1395 3614 ex·

220 3663 343 3740 plicari:
369 3674 400 3721 ut
424 3662 504 3721 enim
528 3662 699 3720 omittamus
722 3661 842 3738 nuptias
866 3661 1000 3720 omnium
1032 3661 1228 3720 laetissimum
1259 3681 1325 3720 esse
1355 3663 1401 3721 ier

220 3781 308 3841 stum,
334 3770 365 3829 id
388 3781 504 3829 tantum
528 3787 685 3828 monemus
709 3771 868 3846 plerosque
892 3770 986 3839 locos,
1012 3769 1123 3845 quibus
1147 3768 1199 3827 illa
1221 3768 1395 3844 nuptiarum

220 3878 384 3953 mortisque
408 3878 560 3954 oppositio
585 3887 729 3952 occurrat,
757 3877 796 3936 ad
819 3876 946 3935 feminas
971 3886 1116 3952 spectare.
1152 3878 1192 3933 At
1215 3875 1395 3935 feminarum

221 3985 386 4046 secundum
410 3997 542 4046 veterum
559 3984 737 4044 sententiam
761 4002 908 4042 summum
932 3995 962 4042 et
978 3983 1099 4041 unicum
1123 3984 1183 4041 fere
1207 4001 1315 4042 munus
1332 3993 1396 4043 erat

221 4093 412 4170 coniugium3
437 4093 461 4150 si
484 4093 697 4163 moriebantur,
723 4102 884 4167 antequam
908 4090 1133 4149 matrimonium
1163 4089 1288 4150 inissent
1322 4091 1396 4151 libe·

221 4219 330 4277 rosque
347 4201 542 4277 peperissent,
561 4197 696 4259 inutilem
720 4208 748 4256 et
764 4199 914 4258 infelicem
930 4198 1023 4258 vitam
1047 4197 1165 4275 degisse
1181 4197 1394 4258 credebantur.

329 4461 351 4534 ¹)
370 4463 411 4514 Cf.
432 4466 524 4514 Rossb.
545 4461 624 4513 ka.
645 4480 671 4527 p.
696 4475 743 4526 179
762 4480 800 4529 sq.
