2880 4920
578 262 798 321 ...71-

89 463 141 503 xus
168 444 321 520 cognosci
345 463 407 502 non
430 453 538 519 potest,
563 441 714 518 superiore
738 443 872 518 corporis
896 452 980 518 parte
1004 459 1093 517 super
1122 460 1216 517 equos
1240 461 1268 502 e·

88 552 229 628 minens3
255 570 294 610 ac
317 561 397 610 tenet
420 569 510 608 manu
534 551 656 609 dextera
679 560 824 625 pateram,
841 551 928 609 laeva
950 549 1149 626 Proserpinae
1172 551 1268 628 tangit

87 669 200 737 caput3
226 659 327 717 luteus
339 657 507 717 vestimenti
530 658 679 732 pannulus
703 657 815 715 circum
839 676 929 715 coxas
945 657 1063 714 volutus
1080 666 1149 716 ante
1172 676 1266 734 equos

84 776 177 826 vento
203 765 314 824 fluitat.
351 767 391 823 At
415 783 482 822 eum
506 765 640 840 plerique
663 765 839 840 interpretes
863 765 905 823 illi
929 766 1042 840 figurae
1066 765 1191 823 omnino
1214 784 1266 823 no·

82 892 153 932 men
177 891 248 931 non
276 871 424 941 dederint,
438 867 462 949 ¹)
488 872 617 930 Garucci
632 866 655 949 2)
680 891 747 931 eam
771 872 923 930 vocaverit
948 871 1081 947 Cyanen,
1107 874 1190 947 quod
1213 891 1265 931 no·

79 1000 150 1040 men
168 990 260 1039 certe
277 997 343 1038 esse
366 979 555 1038 refutandum
572 981 744 1038 Foersterus
758 973 782 1058 ³)
806 980 1032 1050 demonstravit,
1050 979 1100 1037 hic
1123 980 1187 1055 ipse
1203 983 1265 1056 Hy-

75 1106 254 1148 menaeum
280 1072 463 1162 quamquam
487 1086 628 1147 dubitans
651 1087 826 1146 nominavit.
875 1088 986 1146 Nostra
1010 1088 1154 1163 opinione
1185 1101 1265 1148 recte

72 1197 226 1256 iecerunt
249 1193 282 1265 ii,
308 1193 359 1268 qui
382 1212 449 1252 eam
472 1203 553 1251 certo
577 1193 700 1252 nomine
723 1212 824 1252 carere
848 1194 1021 1272 voluerunt3
1040 1214 1111 1253 nam
1135 1213 1203 1254 cum
1226 1216 1266 1256 ne

68 1322 167 1363 sexus
182 1298 219 1381 ⁴¹)
244 1301 370 1378 quidem
394 1311 532 1360 accurate
555 1302 650 1377 possit
673 1302 791 1378 dispici,
825 1302 923 1360 omnis
956 1302 1119 1379 appellatio
1152 1303 1266 1363 incerta

65 1410 238 1472 manebit.

191 1517 342 1594 Denique
359 1529 558 1577 craterem
574 1518 890 1594 Neapolitanum
914 1517 1265 1577 collectionisRo·

59 1648 155 1707 gers
166 1628 243 1686 ian
253 1621 340 1704 ae,⁵)
353 1626 456 1703 inquo
469 1627 627 1702 Neptunus
643 1637 673 1685 et
690 1625 869 1702 Amphitrite
885 1625 967 1684 ducti
983 1626 1022 1683 ab
1039 1627 1219 1699 Hymenaeo
1236 1636 1266 1684 et

59 1738 207 1797 duabus
232 1734 375 1810 nymphis
398 1734 527 1810 spectari
551 1734 697 1805 dicuntur,
723 1751 960 1792 commemorare
983 1734 1139 1791 debemus
1188 1733 1264 1790 Cum

59 1863 145 1903 vero
186 1841 346 1900 hodierna
372 1841 450 1899 illius
480 1842 567 1900 sedes
590 1842 743 1918 ignoretur
777 1860 875 1916 neque
898 1859 954 1898 nos
978 1841 1141 1915 quicquam
1164 1840 1203 1900 de
1227 1858 1263 1898 eo

59 1949 262 2027 comperire
278 1949 470 2024 potuerimus,
488 1968 559 2007 num
583 1959 662 2008 recte
678 1959 801 2007 vocatus
825 1949 862 2006 sit
878 1950 1081 2023 Hymenaeus,
1098 1947 1264 2007 diiudicare

60 2058 264 2134 nequimus
310 2036 398 2110 ms

199 2163 361 2222 Habemus
385 2164 482 2241 igitur,
502 2164 527 2221 si
550 2164 653 2222 omnia
678 2182 756 2240 quae
780 2163 908 2222 diximus
936 2163 1173 2239 complectimur,
1191 2161 1263 2220 duo·

66 2274 190 2333 decim
216 2281 316 2329 certas
341 2272 511 2346 Hymenaei
535 2271 689 2348 imagines,
709 2281 857 2346 quattuor,
876 2271 914 2330 de
938 2272 1046 2346 quibus
1070 2269 1208 2329 nonnihil
1231 2268 1263 2326 li-

67 2392 147 2440 ceat
176 2377 331 2437 dubitare.
379 2380 493 2438 Omnes
517 2390 616 2437 autem
639 2379 746 2453 reliqui
769 2380 808 2436 ab
832 2379 1024 2437 artificiorum
1054 2377 1263 2454 interpretibus

68 2497 194 2547 nostra
219 2484 366 2560 opinione
389 2486 465 2543 falso
489 2495 558 2542 sunt
591 2485 738 2543 nominati
763 2486 941 2560 Hymenaei,
967 2485 1075 2560 partim
1099 2486 1182 2561 quod
1210 2485 1264 2544 tali

73 2591 292 2671 appellationi
322 2593 422 2652 obstat
452 2593 604 2668 pusilla
636 2593 798 2669 figurae
832 2603 1016 2663 statura,
1040 2592 1159 2668 partim
1192 2593 1264 2668 quia

74 2718 269 2760 scaenae
293 2700 469 2758 effictae
493 2701 660 2758 omnino
685 2719 766 2758 non
791 2701 837 2758 ad
861 2700 1029 2775 nuptias
1054 2710 1260 2776 spectant.

74 2809 137 2868 His
167 2807 211 2866 de
236 2807 416 2882 imaginibus
440 2808 500 2865 iam
524 2809 626 2883 paullo
650 2808 770 2866 uberius
794 2807 957 2867 dicendum
981 2819 1034 2866 est.

196 2915 409 2988 Hymenaeum
433 2935 451 2973 a
474 2916 623 2974 veteribus
648 2916 964 2974 adulescentem
989 2934 1054 2975 esse
1078 2917 1208 2974 effictum
1233 2926 1262 2975 et

77 3023 212 3081 fabulae
237 3031 453 3097 poetarumque
477 3022 693 3097 descriptiones
710 3041 801 3098 supra
824 3024 933 3081 allatae
950 3032 979 3081 et
1002 3032 1101 3081 certae
1125 3023 1174 3081 dei
1191 3024 1262 3082 ima·

79 3132 174 3209 gines
199 3128 332 3188 dilucide
356 3131 572 3189 demonstrant.
629 3131 716 3204 Quae
740 3131 829 3206 igitur
852 3150 944 3189 causa
967 3131 1130 3207 excogitari
1153 3141 1260 3206 potest,

80 3258 136 3297 cur
169 3235 299 3296 artifices
331 3238 429 3308 deum,
460 3256 549 3313 quem
582 3239 702 3297 fabulae
732 3237 959 3313 communisque
993 3238 1126 3296 omnium
1157 3239 1261 3313 opinio

83 3345 315 3405 adulescentem
327 3344 482 3420 fingerent,
501 3363 625 3420 puerum
637 3364 761 3421 parvum
773 3340 1212 3425 formarentlAtinterpretes⁶l
1222 3348 1260 3406 de

83 3451 204 3529 duplici
221 3450 270 3508 dei
286 3451 427 3527 nuptialis
444 3453 549 3523 forma,
566 3453 681 3511 scilicet
705 3453 743 3512 de
758 3452 881 3510 iuvenili
898 3463 927 3510 et
950 3452 989 3511 de
1004 3452 1121 3528 puerili,
1135 3453 1260 3529 loquun-

84 3570 140 3618 tur.
195 3559 354 3630 Brunnius,
379 3561 489 3617 Annal.
516 3561 544 3618 d.
572 3562 595 3618 I.
626 3563 708 3633 1844
734 3580 762 3636 p.
793 3579 851 3636 193
870 3557 980 3619 -sr'o
1005 3555 1058 3621 olle
1080 3557 1111 3619 si
1132 3578 1260 3638 roppre-

85 3663 172 3727 sentr'
195 3657 347 3745 (Imeneo)
371 3664 503 3727 secondo
526 3663 554 3726 il
575 3664 651 3726 mito
676 3683 759 3728 conte
781 3664 916 3746 pioooae
939 3663 1057 3744 (adulto,
1091 3664 1144 3727 sia
1176 3685 1259 3729 come

81 3775 177 3852 putto
205 3770 465 3853 rossomr'pliorrte
498 3769 553 3833 oll'
568 3769 694 3852 Amore,
720 3770 777 3834 dol
798 3770 892 3850 quola
914 3770 945 3833 si
969 3770 1128 3853 distinguo
1146 3793 1206 3852 per
1230 3771 1261 3834 lu

196 4019 217 4090 ¹)
237 4023 320 4087 Zoega
339 4039 380 4086 ap.
402 4021 518 4071 Welcker
536 4022 630 4071 Ztschr.
652 4039 678 4086 p.
702 4033 744 4089 71,
765 4022 883 4071 Welcker
900 4022 963 4072 ibid.

196 4108 217 4178 ²)
238 4111 286 4161 Les
305 4108 424 4175 mysteres
442 4112 476 4159 du
495 4112 601 4174 syncret.
623 4112 715 4175 Phryg.
736 4128 762 4175 p.
784 4125 827 4160 21.

195 4199 216 4267 ⁸)
234 4202 308 4249 Raub
326 4201 370 4249 der
388 4201 545 4264 Persephone
564 4217 590 4264 p.
613 4211 662 4262 227
682 4217 720 4265 sq.

195 4269 219 4348 f)
239 4271 387 4340 Overbeclr‚
415 4288 451 4336 gr.
479 4272 643 4334 Kunstmyth.
671 4272 708 4320 III
726 4288 752 4335 p.
781 4273 831 4336 657
857 4272 968 4336 appellat
992 4271 1096 4338 figuram
1121 4273 1253 4322 Venerem.

194 4361 216 4429 ⁵)
235 4363 312 4410 Arch.
333 4363 389 4426 Ztg.
412 4361 478 4424 1856
497 4378 523 4425 p.
547 4358 612 4424 250*
632 4377 658 4410 n.
681 4373 742 4424 399.

194 4449 217 4522 ⁶)
237 4450 278 4501 Cf.
297 4451 437 4501 Rossbach.
459 4451 539 4500 ka.
562 4467 588 4514 p.
613 4461 654 4518 15.
