2880 4920
589 275 816 331 ..23„.

111 471 168 508 ura
204 451 295 509 etiam
327 452 366 509 ad
404 451 542 510 homines
576 452 667 527 ipsos
696 453 738 511 ita
763 463 794 510 ut
818 453 901 511 fieret
925 453 976 511 ille
999 453 1073 512 deus
1097 453 1279 528 nuptiarum,

109 559 214 633 pribus
237 559 371 634 legitima
394 560 556 619 liberorum
581 561 657 619 satio
681 561 821 622 sancitur.
869 560 961 619 Cuius
985 561 1026 620 rei
1050 580 1149 637 pauca
1180 562 1279 619 affere·

110 683 169 722 nus
195 665 385 724 testimonia:

211 774 256 830 Ex
280 791 366 831 versu
390 792 463 832 sane
487 775 633 850 Propertii
658 777 710 843 IV,
731 792 778 847 17,
798 791 833 850 5:

141 875 205 938 Per
238 880 265 939 te
291 879 344 956 (sc.
379 880 543 958 Bacchum)
567 879 752 960 irrupuutur,
774 899 831 958 per
856 883 882 942 to
905 877 1070 942 soluuutur
1094 884 1246 961 urituutes,

109 987 152 1044 rel
178 1005 215 1044 ex
239 986 297 1044 illis
322 987 436 1045 Tibulli
461 990 516 1058 ΙΙΙ,
532 991 561 1058 6,
581 1008 616 1063 13
765 985 820 1048 ille
852 987 906 1066 (sc.
932 988 1080 1068 Bacchus)
1108 985 1250 1070 ferocem

469 1091 620 1156 Contudit
642 1099 672 1156 et
693 1093 841 1157 rtoruiuue
864 1095 955 1157 urisit
976 1094 1012 1156 iu
1035 1093 1208 1158 arbitr-ium
1222 1093 1246 1176 ¹)

109 1203 181 1261 nihil
205 1203 291 1278 sequi
314 1203 448 1274 videtur,
475 1223 542 1262 curn
566 1204 624 1262 illis
649 1204 771 1280 quidem
795 1205 870 1262 locis
894 1205 1031 1262 Bacchus
1055 1204 1116 1262 sere
1141 1204 1222 1263 idem
1246 1205 1285 1263 sit

111 1321 204 1386 atque
228 1312 340 1369 vinum.
387 1312 495 1387 Neque
518 1330 554 1370 ea
583 1330 628 1370 res
645 1330 701 1370 nos
729 1312 860 1382 adiuvat,
895 1311 977 1387 quod
1008 1313 1286 1370 Anacreonteorum

111 1421 163 1492 38,
185 1435 199 1493 5
220 1429 311 1493 poeta
326 1418 478 1476 Bacchum
490 1428 580 1476 vocat
596 1411 782 1505 ὅμότροποή
797 1416 914 1503 Ἔρωτι
937 1427 966 1477 et
988 1418 1101 1476 Plinius
1129 1419 1285 1478 Secundus

109 1526 136 1602 i'?
161 1526 285 1583 Anthol.
303 1526 368 1583 Lat.
394 1527 498 1600 Meyer
520 1528 543 1595 Ι,
562 1527 635 1604 194)
659 1527 698 1585 de
721 1528 834 1584 Amore
857 1536 886 1584 et
910 1526 968 1584 deo
992 1535 1094 1584 nostro
1119 1525 1209 1587 dicit:

292 1628 431 1692 Ardenti
455 1628 580 1693 Baedro
604 1631 806 1695 succenditur
828 1631 916 1713 ‘ipa-is
938 1629 1080 1711 Aruoris',

295 1736 381 1799 Num
404 1740 651 1802 sarrit-uuuuirui
675 1737 824 1803 Bocchus
847 1738 1008 1818 Amorque
1032 1737 1092 1820 dei,

111 1848 229 1906 videtur
253 1847 332 1905 enim
357 1848 447 1906 etiam
472 1848 516 1906 his
541 1849 615 1906 locis
640 1850 678 1909 de
695 1851 816 1908 Baccho
847 1849 907 1906 vini
923 1848 1064 1924 largitore
1088 1849 1284 1925 cogitandum

114 1974 190 2013 esse.
218 1955 312 2014 Haud
336 1955 396 2013 alia
413 1975 459 2014 res
484 1966 527 2013 est
516 1956 628 2014 this
621 1975 651 2015 tn
679 1957 823 2027 versibus,
842 1974 1026 2032 quamquam
1051 1966 1119 2014 sunt
1142 1957 1286 2033 captiosi:

458 2059 675 2141 sperarentur
700 2065 811 2141 eaptus
833 2060 929 2122 ratuni

455 2166 583 2231 Maeuu
604 2167 695 2230 (tie
665 2187 750 2231 ruore
774 2167 912 2230 bidentis

457 2272 643 2353 Phoeboque
661 2275 812 2354 putrique
834 2274 951 2357 Lyaeo,

465 2378 525 2444 Oui
547 2380 653 2445 eductu
676 2382 801 2464 iupulio
825 2403 926 2446 eurue.
943 2380 966 2463 ‘·')

224 2493 300 2550 Sunt
324 2492 404 2550 enim
428 2492 616 2550 hemistichia
639 2503 781 2551 contextu
805 2503 908 2569 erepta
931 2503 960 2551 et
983 2493 1048 2552 sine
1071 2492 1185 2551 iudicio
1219 2512 1289 2551 con·

114 2593 232 2676 serta.³)
279 2601 318 2657 At
341 2600 365 2657 si
388 2600 489 2657 locum
513 2600 687 2676 inspicimus
711 2600 918 2676 Vergilianum
942 2601 1018 2658 Aen.
1044 2601 1088 2657 IV
1111 2619 1138 2658 v.
1166 2615 1203 2676 57
1230 2619 1287 2676 sq„

117 2706 196 2763 unde
220 2705 332 2781 sumpti
356 2717 423 2764 sunt
446 2726 557 2776 versus,
581 2708 734 2764 Bacchum
768 2716 901 2780 apoeta
932 2722 1035 2764 revera
1058 2706 1148 2764 deum
1172 2707 1289 2784 nuptia·

116 2813 173 2870 lem
198 2813 245 2870 vel
270 2813 460 2888 coniugalem
485 2814 684 2872 existimatum
717 2833 782 2872 esse
813 2813 958 2872 videmus.
1007 2814 1097 2889 Apud
1120 2815 1286 2892 Vergilium

118 2921 205 2977 Anna
237 2920 351 2978 Didoni
377 2921 471 2978 sorori
500 2922 638 2997 explieat,
672 2940 763 2998 quam
793 2921 874 2980 felici
898 2940 987 2993 usura
1011 2921 1048 2980 sit
1071 2922 1123 2980 illa
1146 2932 1235 2995 sorte,
1262 2924 1287 2982 si

119 3028 235 3086 ⁴leneas
258 3041 337 3087 esset
361 3030 493 3090 maritus:

273 3131 341 3195 His
365 3133 458 3196 dietis
481 3136 621 3214 impenso
646 3136 791 3198 (turiurum
807 3134 992 3216 fluruuruuit
1014 3153 1120 3196 urrrore

274 3237 427 3320 Sperrrque
451 3240 538 3303 dedit
561 3241 676 3304 rlrrlu'oe
698 3243 796 3304 arturit
818 3239 971 3320 solvitque
989 3239 1153 3320 pudorem.

125 3344 162 3353 -
690 3340 719 3381 ,ι

138 3399 173 3448 Et
199 3416 324 3450 nemus
355 3417 491 3449 comam
519 3402 683 3450 resolvit
711 3403 752 3450 de
781 3401 928 3452 maritis
957 3401 1140 3450 imbribus

141 3489 175 3539 Et
212 3491 433 3540 recentibus
461 3491 751 3540 virentesducit
778 3491 922 3539 umbras
950 3490 1179 3545 floribusetc.

223 3580 299 3634 Ovid,
322 3580 390 3635 Fast,
410 3580 443 3647 ΙΙ,
465 3596 490 3628 v.
513 3591 562 3643 235
582 3597 619 3644 sq.
660 3580 699 3628 Cf.
722 3579 859 3628 Weinhold
878 3579 895 3628 l.
917 3579 935 3627 l.
956 3579 1041 3642 1285.

223 3668 243 3738 ¹)
263 3670 304 3723 Cf,
328 3670 403 3719 etiam
423 3671 518 3725 anthol,
543 3672 599 3724 Lat¹
619 3671 691 3718 Riese
711 3670 728 3718 ll
744 3686 770 3724 n,
790 3669 840 3732 813
861 3685 884 3722 v,
906 3668 952 3717 28:

219 3761 406 3809 Hortante
435 3760 579 3808 Baccho
607 3766 640 3807 et
669 3760 811 3807 Venere
840 3758 970 3806 dulces
997 3757 1161 3821 perlicit

219 3850 482 3914 Aequalitatis
510 3850 608 3897 inter
636 3849 792 3912 plausus
818 3847 983 3910 nuptias,

219 3937 240 4006 ²)
259 3939 351 3988 Medea
371 3939 471 3988 Hosidii
492 3939 573 3988 Getae
592 3955 616 3986 v.
648 3951 695 3986 112
715 3954 753 4001 sq,
791 3937 869 3992 Anth,
889 3938 919 3985 L.
941 3937 1014 3984 Riese
1040 3936 1098 3983 In.
1132 3946 1171 3996 17,
1208 3935 1280 3984 Poet.

133 4019 174 4079 lat,
191 4031 248 4084 min,
267 4031 393 4078 Baehrens
412 4031 448 4077 IV
468 4030 551 4078 Carm.
567 4029 674 4095 Vergil„
691 4028 769 4076 Anth.
791 4028 821 4075 L.
843 4028 929 4089 Meyer
955 4043 980 4074 n.
1003 4035 1063 4088 235,
1089 4025 1283 4074 Hemistichium

133 4107 225 4163 illud-
246 4121 301 4169 cui
334 4121 460 4168 vincla
490 4120 643 4184 iugalia
671 4134 779 4167 curae
803 4145 834 4153 —
854 4117 944 4180 legitur
962 4115 1039 4164 etiam
1066 4131 1089 4168 v.
1110 4127 1143 4176 29
1170 4115 1282 4163 eiusdem

134 4205 253 4266 tragoediae
273 4220 297 4258 et
316 4210 390 4258 Riese
410 4213 441 4258 Α.
463 4211 494 4258 L.
515 4210 584 4264 1111.
606 4220 665 4274 750,
688 4226 711 4262 v,
736 4221 757 4262 ι,

218 4298 241 4365 ³)
258 4301 298 4349 De
313 4300 422 4348 Hosidio
442 4300 508 4349 Geta
526 4299 558 4347 cs.
574 4299 679 4347 'l'ertull
701 4299 732 4346 de
746 4312 852 4360 praescr.
874 4296 968 4352 haeret,
988 4310 1011 4348 c,
1035 4306 1085 4356 39:
1107 4295 1132 4342 D
1145 4310 1159 4342 e
1171 4294 1282 4358 nique

134 4372 409 4439 HosidiusGeta
430 4389 591 4440 Medeam
620 4387 860 4452 tragoediam
888 4401 928 4434 ex
949 4383 1280 4449 Vergilioplenis·

134 4467 203 4527 lime
225 4481 383 4537 exsuxit.
