2880 4920
696 259 904 333 ..5g„

326 436 417 493 Hanc
440 436 566 511 figuram
590 454 658 494 vere
682 453 747 494 esse
771 435 981 509 Hymenaeum
1005 453 1095 493 nemo
1129 437 1268 510 profecto
1301 452 1391 513 nega·

220 541 282 620 bit,
307 542 410 600 omnia
433 544 522 611 enim,
548 562 626 618 quae
650 555 726 612 sunt,
752 543 801 602 dei
826 543 971 619 insignia,
997 541 1046 600 hic
1069 553 1257 618 spectantur:
1294 545 1393 602 forma

220 650 356 708 iuvenilis
380 651 589 726 pulcherrima,
614 651 673 720 sax,
698 670 813 709 corona
835 662 865 709 et
888 669 933 720 ea,
951 669 1041 726 quam
1059 650 1123 726 ipse
1147 651 1255 710 sertin
1280 650 1391 727 capite,

220 767 249 816 et
273 776 318 827 ea,
344 777 433 833 quam
466 777 595 834 sponsae
626 759 747 818 daturus
783 769 835 823 est.
890 759 940 816 Ad
968 759 1087 835 nuptias
1119 758 1269 834 pertinent
1300 757 1394 817 etiarn

220 867 332 924 malum
356 865 518 941 cydonium
541 867 587 925 vel
612 872 671 924 hux
694 866 776 925 humi
800 867 911 926 iacens
948 868 1074 925 Vetusto
1099 866 1179 925 enim
1203 885 1288 925 more
1312 884 1395 924 nova

220 982 322 1048 nupta,
348 991 416 1030 eum
440 973 470 1030 in
494 973 658 1031 thalamum
695 974 901 1043 deduceretur,
937 974 1048 1031 malum
1077 973 1240 1049 cydonium
1270 984 1395 1050 gustare

220 1080 361 1139 debebat.
377 1075 401 1157 ι)
446 1081 545 1138 Nuces
577 1091 675 1139 autem
706 1081 816 1157 nuptiis
849 1091 981 1139 veterum
1016 1080 1108 1139 effuse
1140 1078 1292 1139 adhibitas
1326 1099 1395 1139 esse

221 1205 311 1263 supra
333 1180 377 1263 (p.
405 1187 457 1265 24)
480 1188 758 1246 demonstravimus.

328 1295 403 1353 Cum
427 1296 485 1354 hac
507 1295 696 1354 nobilissima
719 1296 836 1372 pictura
858 1295 1069 1372 coniungimus
1093 1295 1154 1354 duo
1178 1295 1398 1372 anaglypha

221 1402 311 1461 deum
328 1403 494 1478 nuptialem
520 1402 580 1461 alia
596 1404 651 1461 sub
668 1404 765 1461 forma
783 1402 963 1461 exhibentia.
991 1403 1065 1460 Sunt
1086 1420 1124 1460 ea
1140 1402 1397 1480 sarcophago·

221 1528 295 1567 rum
320 1529 564 1580 marmoreorum,
582 1529 709 1586 quorum
733 1512 808 1569 alter
824 1514 887 1583 (A)
905 1522 1072 1571 asservatur
1095 1509 1125 1568 in
1149 1509 1298 1569 cavaedio
1315 1511 1398 1569 Bel·

220 1609 408 1694 vederi,²)
425 1619 508 1676 -alter
531 1622 590 1690 (B)
615 1618 873 1677 Montecellis
887 1611 911 1695 3)
935 1627 1067 1693 repertus
1092 1629 1181 1677 antea
1204 1617 1398 1677 collectionis

222 1724 398 1800 Campanae
422 1736 631 1783 ornamentum
655 1743 735 1782 nunc
759 1735 803 1783 est
825 1725 991 1801 Petropoli.

200 1809 201 1812 Ἴ
326 1833 396 1889 Duo
421 1832 592 1907 anaglypha
615 1831 691 1890 inter
714 1850 745 1890 se
769 1842 837 1889 suut
860 1831 1029 1890 simillima:
1056 1833 1086 1889 in
1111 1833 1260 1890 ambobus
1278 1842 1398 1908 specta-

220 1949 267 1997 tur
292 1935 504 2019 „sucrificium
526 1935 671 2016 nuptiate
694 1935 840 1999 udsluate
856 1937 1007 2017 pompu.“
1053 1940 1213 2008 Videmus,
1240 1958 1320 2016 quae
1350 1959 1398 1999 res

219 2047 309 2106 nobis
332 2047 508 2123 gravissima
533 2057 585 2116 est,
608 2049 767 2118 Venerem,
786 2048 1007 2122 Hymenaeum,
1026 2047 1207 2123 Cupidinem
1230 2066 1294 2105 una
1316 2057 1398 2105 stan-

220 2163 273 2212 tes.
317 2153 356 2211 ¹In
380 2159 415 2215 Α
437 2154 552 2212 effictus
576 2165 620 2212 est
644 2156 838 2229 Hymenaeus
862 2155 1043 2213 adulescens
1067 2155 1163 2213 alatus
1193 2154 1304 2213 eadem
1335 2172 1398 2230 qua

219 2262 323 2318 Venus
347 2261 578 2339 magnitudine3
603 2282 639 2320 ac
662 2273 759 2338 gestat
782 2263 939 2338 manibus,
965 2281 1042 2338 quae
1065 2280 1146 2320 nunc
1169 2279 1243 2320 sane
1274 2261 1397 2320 deletae

220 2379 298 2438 sunt,
325 2387 466 2444 magnam
490 2371 598 2439 facem,
623 2370 707 2428 cuius
732 2370 900 2445 fragmenta
923 2369 1012 2428 facile
1035 2379 1279 2445 cognoscuntur3
1304 2367 1396 2426 amic·

219 2484 265 2533 tus
299 2485 343 2532 est
372 2475 540 2550 chlamyde,
572 2495 649 2552 quae
680 2477 710 2534 in
742 2477 864 2535 dorsum
898 2477 1016 2535 deiecta
1045 2476 1225 2535 anteriorem
1256 2475 1395 2551 corporis

219 2592 335 2658 partem
359 2582 453 2640 oculis
477 2582 700 2658 inspicientium
736 2584 838 2659 aperit.
886 2583 1033 2642 Videmus
1057 2582 1145 2659 igitur
1169 2583 1394 2658 Hymenaeum,

220 2690 339 2765 qualem
374 2689 494 2748 fabulae
528 2700 697 2765 poetaeque
729 2691 959 2766 descripserunt,
988 2691 1046 2749 nisi
1087 2690 1169 2767 quod
1207 2700 1252 2748 est
1285 2690 1393 2748 alatus,

219 2775 310 2872 Apud
333 2807 447 2855 veteres
472 2806 577 2871 poetas
600 2797 684 2854 nulla
706 2797 821 2856 alarum
844 2799 877 2857 fit
900 2797 1023 2868 mentio,
1038 2817 1109 2856 narn
1133 2798 1171 2857 de
1195 2796 1395 2875 epithalamio

220 2924 238 2962 a
250 2902 372 2962 Barthio
385 2902 466 2961 edito
480 2921 557 2977 quae
573 2922 729 2963 censemus
746 2923 836 2980 supra
849 2903 890 2981 (p.
907 2901 941 2988 5)
952 2904 1090 2964 diximus.
1102 2906 1149 2962 Ac
1166 2903 1353 2963 Gerhardius
1368 2898 1394 2981 4)

221 3011 344 3087 quidem
368 3029 437 3069 cum
461 3012 620 3070 Welckero
635 3007 659 3092 ξ>)
684 3014 747 3072 alas
771 3033 787 3073 e
819 3013 969 3089 Cupidine
999 3014 1029 3071 in
1061 3013 1144 3071 illurn
1177 3012 1294 3073 delatas
1327 3029 1394 3071 esse

219 3118 407 3189 existimavit,
425 3118 533 3194 quibus
558 3120 630 3196 quin
655 3122 870 3197 adstipulemur
885 3122 984 3180 facere
1007 3139 1069 3179 non
1094 3137 1263 3196 possumus
1289 3138 1393 3194 quarn-

220 3245 311 3302 quam
328 3225 418 3287 etiam
442 3229 480 3288 de
497 3228 618 3286 Baccho
643 3230 723 3288 alato
740 3221 916 3305 audimus.⁰)
940 3227 1120 3286 Tenendum
1137 3225 1217 3285 enim
1234 3236 1280 3284 est
1303 3226 1390 3284 artifi-

331 3491 352 3562 ¹)
365 3494 491 3544 Plutarch.
507 3500 633 3557 praecept.
649 3492 715 3541 coni.
731 3492 788 3556 138,
806 3507 835 3557 13
850 3488 864 3542 ὁ
877 3487 971 3543 Σόλων
980 3489 1080 3542 ἐκέλευε
1095 3486 1144 3554 τήν
1156 3485 1267 3560 νύμφην
1279 3494 1316 3559 τῷ
1330 3508 1395 3560 νσμ·

221 3591 275 3654 yu'rp
295 3583 554 3652 συγκατακλίνεσθαι
572 3578 658 3651 μήλου
677 3580 810 3632 κυδωνίου
830 3585 1111 3650 κατατραγοῦσαν
1137 3579 1169 3628 cf.
1190 3579 1266 3628 etiam
1293 3596 1338 3644 qu.
1360 3580 1392 3630 R.

219 3675 304 3733 LXV;
327 3673 433 3742 Helbig¹
454 3674 523 3721 Ann.
545 3671 571 3720 d.
592 3672 613 3720 I.
638 3671 704 3720 1866
723 3688 749 3735 p.
771 3672 833 3731 464.

329 3761 351 3832 ²)
370 3763 430 3812 Vid.
453 3760 575 3820 Gerhard,
598 3768 651 3810 ant.
671 3760 754 3810 Bldw.
775 3761 784 3810 l
803 3760 831 3810 ts.
856 3771 888 3822 74
908 3776 934 3825 p.
956 3773 1021 3823 3133
1054 3758 1156 3808 Beschr.
1177 3757 1203 3806 d.
1224 3757 1262 3806 St.
1289 3756 1323 3807 R.
1349 3759 1394 3809 112

220 3871 246 3918 p.
271 3868 328 3922 131,
348 3854 441 3903 Rossb.
464 3851 549 3901 Untrs.
570 3867 595 3915 p.
618 3851 679 3914 383.
700 3879 733 3888 -
752 3850 832 3900 Dlrm.
853 3867 879 3914 p.
905 3859 952 3913 105
972 3865 1011 3913 sq.

326 3941 348 4010 ³)
368 3942 427 3991 Vid.
447 3942 563 3994 Monuni.
584 3942 653 3990 ined.
673 3941 716 3989 lV.
741 3940 805 4003 1845
833 3941 869 3988 tb.
891 3952 921 4001 9;
952 3939 1043 3997 Brunn,
1071 3939 1140 3986 Anu.
1166 3936 1192 3985 d.
1219 3936 1241 3985 l.
1271 3936 1338 3998 1844
1365 3955 1393 4004 p.

135 4013 137 4018 ’
228 4035 276 4084 186
295 4051 349 4102 sq,
369 4034 462 4083 Rossb.
483 4033 567 4083 unus.
588 4049 614 4097 p.
628 4032 689 4096 382.
710 4060 742 4068 -
762 4030 843 4079 num.
863 4046 888 4094 p.
913 4027 971 4077 108.
992 4055 1026 4063 -
1044 4027 1077 4076 ut
1096 4025 1275 4076 cueueonom
1290 4026 1394 4089 iturum,

222 4125 395 4189 Sculpture
421 4124 556 4188 antique
582 4124 618 4172 de
642 4123 656 4171 l'
680 4122 875 4184 Eremitage
903 4116 1085 4181 Imperiale
1104 4116 1291 4186 inspicerem,
1321 4118 1397 4168 nobis

221 4232 272 4265 non
291 4213 405 4278 contigit.

327 4301 350 4372 4)
369 4304 450 4353 Acad.
473 4303 542 4352 Abh.
563 4304 617 4367 lp.
642 4313 701 4364 171.

328 4392 350 4462 5)
369 4394 456 4458 Anhg.
477 4411 500 4442 z.
521 4393 558 4441 K.
579 4387 738 4443 Schwenck's
757 4389 932 4454 etym-myth.
953 4387 1023 4436 And.
1044 4404 1071 4451 p.
1093 4398 1153 4435 201.

266 4467 267 4472 ¹
328 4481 349 4552 ⁶)
368 4483 482 4533 Bacchus
501 4483 585 4532 Psilax
606 4483 645 4533 vel
664 4482 751 4542 Psilas‚
774 4479 885 4546 Pausan.
906 4479 1028 4548 V19‚6;
1052 4477 1085 4534 cf,
1106 4478 1198 4550 Brenn,
1219 4475 1396 4547 Kuustvslllg.
