2880 4920
616 230 836 286 „13-

244 422 387 486 Eiusdem
412 426 532 485 fabulae
556 426 741 485 mentionem
777 427 848 485 lacit
879 428 1005 486 Nonnus
1030 428 1120 486 Dion.
1147 430 1311 486 XXXVIII

137 555 163 592 l'·
195 552 252 610 137

247 651 303 707 καὶ
327 641 423 725 μέλος
447 644 491 717 εἰς
514 641 685 724 Ὑμέναιον
709 631 869 705 uiuentem
896 640 1057 730 Κύπριδος
1082 633 1194 730 οἷστήρ.

243 753 331 810 Haec
355 752 458 810 fabula
481 769 554 809 sane
578 762 643 809 orta
674 761 719 809 est
744 769 780 810 ex
806 753 991 810 Graecorum
1025 770 1108 810 more
1139 752 1307 828 nuptiarum

135 876 260 934 vespere
292 858 556 935 celebrandarum3
592 877 684 934 quare
712 858 842 916 dubitari
874 869 989 934 potest,
1021 870 1117 917 utrum
1153 860 1258 918 fabula
1281 861 1307 917 in

136 966 203 1042 ipsa
226 965 394 1036 Thessalia,
409 985 469 1041 quo
493 965 576 1024 ducit
600 967 687 1033 Oeta,
712 965 835 1024 inventa
858 966 904 1036 sit,
931 986 968 1025 an
993 967 1023 1023 in
1047 967 1240 1026 Thessaliam
1263 944 1306 1026 de·

136 1074 197 1132 lata
221 1072 259 1132 sit
282 1093 300 1130 a
324 1072 459 1142 GraeciS,
485 1072 535 1148 qui
559 1073 690 1147 Hesperi
714 1073 818 1131 sedem
843 1074 951 1132 Oetam
975 1073 1197 1133 existimabant.
1211 1071 1234 1153 ¹)

243 1182 288 1239 Ex
312 1180 471 1239 Thessalia
504 1180 565 1239 sive
601 1181 700 1255 potius
735 1181 894 1256 Magnesia
928 1181 1031 1238 fabula
1066 1181 1104 1240 de
1130 1183 1305 1257 Hymenaeo

136 1287 265 1346 cinaedo
290 1288 425 1363 profecta
448 1299 492 1346 est
516 1287 547 1344 in
570 1287 801 1358 Boeotiam,
827 1288 879 1346 ubi
904 1288 945 1346 ita
968 1298 1082 1347 mutata
1106 1300 1159 1360 est,
1185 1301 1217 1348 ut
1241 1292 1305 1348 Ar·

61 1468 65 1487 ι
135 1415 316 1472 gynnus‚
342 1397 393 1472 qui
418 1397 456 1454 ab
481 1396 547 1454 aliis
563 1396 802 1473 Agamemnonis
813 1390 837 1474 2)
861 1397 991 1454 amasius
1015 1397 1204 1467 credebatur,
1232 1417 1305 1456 ama-

38 1504 48 1527 s
134 1514 182 1562 tor
205 1504 283 1562 illius
307 1505 476 1580 fingeretur.
517 1505 626 1563 Athen.
665 1506 740 1562 XIII
761 1504 867 1579 603d
914 1502 1093 1586 Λικύμνιος
1125 1503 1160 1567 δὲ
1186 1505 1204 1568 o‘
1229 1509 1306 1581 Χῖος

135 1610 172 1677 ἔν
195 1610 416 1698 διθυράμβοις
439 1609 614 1696 Ἀργύννου
638 1621 734 1695 pauit}
758 1610 920 1698 ἐρώμενον
944 1611 1111 1694 Ἱμὲναιον
1138 1617 1304 1692 γινέσθαι.

242 1721 307 1778 Iam
331 1737 509 1794 quaeramus
534 1719 606 1794 quid
631 1718 688 1777 sibi
712 1718 783 1777 velit
805 1717 982 1794 Argynnus!
1030 1719 1065 1777 Id
1101 1719 1224 1794 quidem
1257 1720 1305 1778 du·

135 1827 224 1885 bitari
248 1846 310 1884 non
335 1836 441 1902 potest,
467 1826 539 1902 quin
563 1829 722 1902 Argynnus
747 1846 837 1902 quam
866 1827 1012 1885 artissime
1045 1828 1208 1886 cohaereat
1242 1846 1305 1885 cum

135 1937 253 1993 Venere
264 1936 445 1992 Boeotorum
460 1926 673 2009 Argynnide.³)
687 1935 775 1992 Haec
782 1935 885 1991 Venus
896 1932 1046 2010 Argynnis
1060 1952 1137 2009 quae
1152 1934 1306 1994 dicebatur

135 2052 198 2102 erat
206 2042 266 2100 dea
278 2040 388 2100 amoris
396 2058 566 2116 puerorum,
576 2059 636 2115 quo
644 2051 760 2115 spectat
767 2040 864 2115 ipsum
878 2059 1048 2116 cognomen
1060 2039 1232 2126 Ἀργιηψίς,
1247 2032 1305 2127 ’Λρ-

134 2146 247 2230 γιννὸς
274 2148 354 2207 enim
371 2147 475 2224 (Hom.
498 2149 532 2206 Il.
554 2149 598 2204 III
619 2168 646 2205 v.
669 2141 718 2232 14)
743 2147 823 2206 idem
846 2149 926 2207 valet
949 2158 1039 2224 atque
1059 2138 1167 2235 οἷργός.
1187 2144 1303 2220 larmir,

134 2253 235 2318 albas.
273 2260 393 2318 Λιιικοῐ
422 2265 520 2312 autem
545 2254 781 2313 nominabantur
804 2255 942 2313 homines
970 2255 1083 2330 pathici
1117 2266 1145 2314 et
1177 2256 1303 2326 cinaedi,

129 2383 224 2442 genus
243 2361 376 2421 omnium
402 2360 637 2436 spurcissimum,
656 2362 707 2437 qui
738 2362 834 2420 foedis
860 2361 985 2420 aliorum
1010 2362 1188 2421 libidinibus
1213 2363 1304 2422 dediti

131 2631 342 2641 -—-—--

240 2824 262 2895 ¹)
282 2826 322 2877 Cf.
347 2827 443 2880 Catull.
463 2828 578 2889 LX117:

256 2917 440 2967 Nimirum
468 2917 633 2966 Oetaeos
661 2918 836 2966 ostendis
863 2918 1033 2967 noctifer
1061 2918 1179 2982 ignes.

129 3007 203 3057 LXII
223 3007 271 3056 26:

255 3095 440 3160 Hespere,
475 3095 534 3159 qui
564 3095 669 3144 caelo
698 3096 797 3144 lucet
825 3096 1029 3145 iocundior
1056 3096 1183 3160 ignis?

254 3185 322 3248 Qui
346 3185 613 3248 desponsatua
632 3185 760 3235 firmes
780 3188 940 3236 conubia
959 3187 1108 3235 flamma
1127 3194 1176 3239 etc.

131 3275 320 3325 Baumstarkius
338 3275 356 3323 l.
378 3274 396 3322 l.
418 3275 586 3323 Burrnannum
614 3275 647 3323 ad
667 3274 743 3323 Ovid.
765 3277 827 3329 Met¹
848 3277 881 3331 ΙΙ,
901 3293 924 3330 ν,
945 3276 996 3339 683
1016 3284 1112 3325 secutus
1131 3276 1193 3324 dicit
1212 3277 1304 3341 Hyme-

132 3382 225 3415 naeum
245 3365 321 3414 fuisse
340 3364 416 3413 etiam
436 3364 498 3428 Argi
517 3373 541 3413 et
561 3365 698 3414 Perimelae
718 3365 796 3414 filium
816 3374 878 3415 teste
892 3365 986 3415 Ovidio
1006 3376 1065 3422 met,
1084 3367 1109 3414 11
1123 3383 1146 3420 v,
1164 3366 1227 3428 683,
1251 3368 1305 3415 Hoc
1346 3382 1348 3391 ·

131 3472 192 3504 vero
211 3455 301 3504 salsum
322 3464 368 3504 est.
390 3454 521 3503 Antonino
541 3455 607 3504 enim
628 3463 690 3504 teste
710 3455 740 3522 (l.
762 3455 794 3522 l.)
813 3457 896 3520 Argus
915 3465 939 3505 et
958 3456 1080 3505 Perimele
1099 3463 1218 3520 parentes
1238 3464 1305 3506 eraut

131 3544 266 3609 Magnetis.
312 3544 386 3592 Error
411 3551 493 3593 autem
520 3545 657 3594 Burmanni
682 3553 706 3594 et
725 3546 893 3595 Baumstarkii
919 3562 949 3594 ea
972 3562 1003 3594 ex
1028 3562 1053 3593 re
1078 3553 1144 3594 ortus
1171 3553 1216 3606 est,
1241 3545 1306 3611 quod

133 3634 278 3683 Antoninus
297 3633 314 3688 l,
334 3634 350 3688 l,
370 3634 518 3682 Mercurium
539 3634 654 3698 Apollini
674 3651 760 3684 amore
778 3635 919 3698 Hymenaei
939 3620 1043 3683 incenso
1067 3651 1170 3699 gregem
1196 3636 1306 3700 rapuisse

132 3731 225 3789 narrat,
248 3722 354 3772 OviAIus
373 3723 391 3777 l.
413 3724 431 3772 l.
452 3723 484 3774 de
503 3726 593 3774 eodem
613 3726 666 3789 agit
685 3733 765 3788 raptu,
802 3726 869 3789 Pape
888 3725 954 3773 hunc
979 3740 1078 3789 quoque
1105 3741 1213 3774 errorem
1240 3742 1307 3775 suum

133 3812 193 3863 lecit
211 3813 237 3862 in
256 3813 315 3867 Wb,
335 3829 372 3878 gr,
392 3813 469 3877 Eign.
490 3830 502 3862 s
531 3831 553 3868 v¹

240 3898 261 3969 ¹)
280 3903 378 3960 Athen,
405 3904 480 3951 XIII<
493 3919 519 3966 p,
544 3904 594 3966 603
615 3904 641 3952 d.
663 3900 857 3973 Ἀγαμέμνονα
876 3899 1027 3971 Ἀργύννου
1047 3903 1200 3972 ι’ριισθῆνιιι
1220 3903 1306 3976 λόγος.

132 3992 214 4042 Clem.
236 3992 309 4047 Alex,
328 3993 450 4057 Protrept.
472 3993 516 4056 38.
544 3994 751 4058 Stepl1,Byzant.
768 4010 788 4049 s,
807 4010 831 4048 v.
852 3993 892 4042 CI.
914 3994 1013 4053 Preller,
1037 3994 1120 4043 Rhea.
1142 3995 1211 4045 Mus.
1229 3997 1263 4053 Ν,
1282 3997 1306 4052 S.

134 4082 183 4130 IV.
209 4081 275 4142 1846
296 4099 321 4145 p.
340 4094 391 4145 403
412 4098 449 4146 sq,

239 4167 261 4237 ⁸)
280 4171 367 4236 Steph,
386 4173 490 4235 Byzant.
512 4189 532 4221 s.
556 4189 578 4221 r.
597 4169 748 4240 Ἅργοννος,
769 4168 1051 4235 attaminarentur
1070 4168 1231 4232 Atrinum,
1245 4220 1267 4230 ,,
1282 4219 1302 4230 ,,

133 4256 266 4330 ἐρώμενος
296 4256 501 4330 Ἀγαμέμνονος
527 4257 655 4325 Βοιωτός,
674 4257 703 4318 ὂς
728 4256 814 4312 duania
842 4262 878 4318 οἷς
897 4257 944 4313 τὸν
971 4258 1097 4328 Κηφισὸν
1122 4262 1236 4330 talioni,
1261 4262 1307 4335 ἄρ’

133 4339 164 4400 οὗ
183 4346 350 4418 Ἀργοννίδο
369 4346 418 4414 τήν
435 4347 600 4420 Ἀφροδίτην
620 4351 739 4421 tatanem
759 4352 810 4400 vid.
828 4352 902 4402 etiam
917 4353 980 4401 Plut.
997 4353 1077 4416 Gryll.
1090 4369 1112 4406 c,
1125 4362 1149 4414 7.
1163 4354 1205 4405 Cf.
1220 4357 1305 4416 Flach,

133 4438 226 4504 ngech.
247 4439 324 4503 Lyrik
343 4456 368 4503 p.
394 4451 433 4501 17,
