2880 4920
547 289 767 344 „91„.

59 477 167 524 autem
198 467 257 525 dea
298 465 438 541 agrestis,
472 465 518 524 eui
550 467 708 523 Plutarcho
724 462 745 546 ¹)
777 477 851 526 teste
884 466 1098 526 adscribebant
1128 468 1239 546 φυτῶν

60 580 121 636 καὶ
150 571 347 656 σπερμάτων
382 561 619 636 albaniani
658 581 713 636 καὶ
745 567 1016 649 βλασταινίντων
1049 570 1240 654 ἐπιμέλειαν

59 688 119 742 καὶ
146 690 317 764 σωτηρίαν.

175 789 229 844 Est
252 788 340 863 igitur
364 808 436 846 sane
461 788 620 847 verisimile
644 790 798 846 Talasium
831 806 951 863 quoque
981 797 1114 844 nostrum
1146 785 1239 842 fuisse

58 895 218 971 principio
251 895 340 953 deum
371 896 464 966 veris,
500 915 559 971 quo
591 896 725 972 inprimis
750 905 901 972 spectatur
932 892 1119 971 germinatio.
1168 894 1239 951 Hoc

58 1022 135 1061 vero
163 1003 226 1061 fere
250 1003 369 1060 unicum
395 1014 424 1060 et
448 1004 543 1061 solum
568 1014 622 1073 est,
648 1004 730 1078 quod
761 1004 799 1062 de
830 1022 866 1061 eo
898 1021 966 1060 curn
999 1001 1100 1076 aliqua
1132 1000 1238 1075 proba-

58 1109 183 1169 bilitate
215 1110 338 1184 proferri
364 1111 474 1185 possit,
500 1129 568 1168 cum
592 1111 630 1170 de
654 1111 712 1170 deo
737 1111 821 1187 ipsa,
846 1111 930 1169 cuius
954 1126 1123 1186 cognomen
1154 1106 1240 1165 fuerit

57 1216 218 1286 TalasiuS,
244 1226 358 1275 tantum
382 1217 568 1276 coniecturas
593 1219 681 1278 liceat
705 1236 882 1294 proponere.

176 1323 294 1396 Quibus
319 1324 489 1398 praemissis
514 1343 581 1382 eam
606 1325 823 1394 coniecturam,
850 1343 927 1400 quae
958 1334 1061 1381 nostra
1093 1320 1238 1400 opinione

55 1450 135 1508 prae
167 1430 272 1488 ceteris
294 1431 456 1490 maximam
479 1431 571 1489 habet
594 1431 848 1506 probabilitatem,
875 1430 1100 1507 explicabimus.

174 1538 210 1593 In
236 1556 351 1594 summa
375 1537 613 1595 testimoniorum
637 1537 742 1613 inopia
766 1538 973 1614 quaestionem
997 1537 1036 1594 ab
1061 1536 1127 1594 aliis
1158 1535 1237 1592 insti·

53 1658 174 1715 tutam,
201 1645 356 1703 cuiusnam
392 1646 489 1721 gentis
522 1646 665 1706 Italorum
699 1645 838 1707 Talasius
862 1646 950 1703 suerit
983 1643 1120 1721 proprius
1153 1643 1236 1714 deur,

55 1753 197 1814 omnino
222 1751 419 1810 omittendam
444 1772 508 1811 esse
532 1773 697 1812 censemus
740 1755 785 1812 Ea
809 1753 890 1811 enim
914 1772 950 1810 ex
974 1772 1013 1822 re,
1039 1751 1121 1826 quod
1145 1751 1237 1808 Talus

56 1861 257 1921 Sabinorum
288 1871 349 1918 erat
383 1880 582 1936 praenomen,
600 1856 626 1944 2)
659 1863 793 1938 profecto
828 1879 890 1920 non
921 1859 1053 1938 sequitur
1082 1857 1238 1915 Talasium

51 1970 157 2028 fuisse
183 1968 272 2025 deum
298 1967 452 2026 Sabinum.
472 1969 611 2044 Longius
635 1970 725 2045 igitur
748 1971 893 2028 Prellerus
918 1969 1006 2028 nobis
1030 1967 1146 2025 videtur
1168 1984 1235 2041 pro·

51 2075 193 2135 cessisse
227 2075 381 2133 'l‘alasium
405 2075 523 2149 Quirini
548 2076 637 2134 fuisse
673 2094 844 2151 cognomen
876 2075 1072 2136 contendens.
1124 2073 1237 2133 Nihilo-

51 2184 165 2242 minus
185 2181 264 2239 idem
288 2192 367 2239 recte
392 2182 534 2241 iudicavit
550 2184 589 2241 de
612 2193 717 2240 natura
741 2183 790 2241 dei
814 2182 971 2258 nuptialis:
990 2181 1133 2256 Quirinus
1157 2180 1237 2239 enim

52 2290 251 2350 Sabinorum
276 2290 356 2348 idem
382 2300 425 2348 est
449 2291 522 2348 deus
548 2301 636 2366 atque
661 2292 868 2348 Romanorum
884 2292 985 2359 Mars,
1000 2283 1024 2367 3)
1054 2308 1072 2346 a
1096 2307 1155 2363 quo
1179 2289 1237 2347 Ta-

52 2398 167 2465 lasius,
195 2397 218 2454 si
243 2408 323 2455 recte
348 2398 559 2470 existimamus,
585 2400 764 2474 repetendus
789 2410 841 2457 est.
867 2399 955 2455 Haec
978 2395 1151 2454 coniectura
1175 2395 1233 2470 qui·

54 2508 120 2564 bus
148 2506 280 2562 firmetur
304 2506 401 2575 rebus,
428 2506 531 2581 paucis
556 2526 749 2582 exponemus.

178 2613 292 2670 Omnes
317 2613 377 2670 fere
402 2612 452 2686 qui
477 2614 515 2671 de
540 2615 636 2670 Marte
661 2613 719 2671 deo
743 2612 835 2670 verba
858 2613 1001 2679 fecerunt,
1027 2609 1082 2667 etsi
1105 2607 1237 2669 diversas

60 2720 233 2798 opiniones
258 2721 296 2778 de
320 2720 382 2777 eius
407 2720 529 2794 propria
551 2731 659 2778 natura
682 2730 710 2777 et
743 2721 781 2778 de
805 2719 909 2776 Martis
942 2717 1024 2774 vocis
1056 2715 1239 2791 etymologia

58 2829 262 2905 protulerunt,
278 2821 303 2904 4)
328 2846 396 2884 eum
420 2827 495 2884 veris
514 2846 719 2903 agrorumque
743 2827 834 2884 fuisse
863 2828 952 2885 deum
977 2823 1180 2893 consentiunt,
1206 2823 1237 2882 id

59 2935 150 3012 quod
182 2934 272 2993 etiam
305 2935 398 2992 multa
428 2944 560 2993 veterum
595 2934 768 2994 testimonia
800 2932 954 3009 perlucide
983 2932 1198 2990 demonstrant.
1212 2923 1236 3008 5)

60 3129 278 3138 ———-——---——

181 3247 201 3315 ι)
222 3252 271 3313 Qu.
294 3268 375 3314 symp.
399 3266 424 3320 9,
441 3266 481 3312 14.
521 3253 563 3301 Ad
592 3253 708 3300 'l'lraliam
728 3254 826 3301 Musam
855 3251 891 3299 vis
911 3250 953 3299 illa
982 3250 1083 3298 refertur
1102 3248 1126 3297 iu
1155 3247 1234 3295 schol.

58 3343 93 3391 ad
117 3341 241 3403 Apollou.
263 3342 348 3390 Rhod.
369 3343 431 3390 1111
456 3321 561 3392 ΘάλειαΙ
576 3341 604 3392 di
623 3349 760 3410 γεωργίαν
773 3343 816 3391 καὶ
837 3337 885 3404 τήν
904 3335 1005 3408 arpini
1026 3333 1095 3406 «puni
1113 3355 1236 3406 πραγμα·

59 3438 139 3483 τείαν
161 3428 205 3497 (sc.
226 3431 327 3498 λέγεται
347 3428 451 3499 εὑρεῖν),

174 3516 196 3583 ²)
216 3521 283 3567 Fest.
304 3537 330 3582 p.
353 3530 403 3582 359
431 3520 544 3568 Talus
573 3521 611 3568 in
639 3521 861 3569 Sabinorum
889 3518 1104 3568 nominibus
1131 3532 1236 3579 prae·

59 3608 229 3659 nominis
258 3609 341 3656 loco
370 3609 518 3656 videtur
546 3609 681 3664 fuisse;
704 3610 783 3656 Dion.
805 3608 865 3656 Hal.
888 3608 956 3668 1146
978 3601 1080 3663 Τάλλος
1100 3601 1234 3674 τύραννος.

59 3699 141 3764 Apud
162 3697 298 3760 Vergilium
318 3698 383 3746 Aen.
405 3698 454 3745 ΧΠ
467 3708 517 3760 513
537 3699 641 3747 occurrit
661 3699 773 3747 Talus
795 3697 909 3747 Rutulus.

172 3784 193 3852 3)
215 3785 255 3834 Cf.
277 3786 350 3834 Prell.
372 3787 404 3834 R.
425 3787 461 3835 M.
483 3803 509 3850 p.
531 3798 580 3849 327
601 3804 639 3851 sq.

172 3872 194 3940 4)
216 3875 256 3923 Cf.
278 3877 403 3939 Hartuug,
426 3877 482 3924 Rel.
504 3876 530 3924 d.
552 3877 583 3924 R.
605 3892 630 3939 p.
656 3877 720 3938 1693
752 3876 870 3942 Corssen,
891 3877 976 3923 Form.
995 3891 1021 3923 u.
1042 3875 1105 3923 Bed.
1132 3873 1157 3922 d.
1184 3873 1235 3922 Na·

28 4017 31 4027 ,
58 3985 136 4017 mens
156 3967 223 4012 Mars
254 3982 280 4028 p.
303 3979 335 4028 32
367 3983 405 4029 sq.
445 3965 551 4032 (Ztschr.
573 3965 590 4014 f.
612 3966 690 4030 vergl.
713 3965 810 4029 Sprcbf.
831 3966 855 4013 ll
885 3965 977 4030 1853);
1008 3965 1109 4033 Preller,
1137 3965 1169 4012 R.
1198 3964 1233 4011 M.

56 4076 84 4121 p.
110 4067 163 4116 294
182 4070 240 4118 sq.;
263 4055 381 4112 Roscher,
406 4055 500 4118 Apollo
519 4071 544 4103 u.
566 4056 633 4104 Mars
651 4073 678 4119 p.
701 4068 747 4113 24;
775 4054 964 4114 Reifferscheid,
986 4055 1039 4103 ind.
1065 4055 1145 4103 schol.
1174 4055 1234 4102 Vra·
1304 4117 1306 4121 y

57 4147 111 4196 tisl.
140 4144 292 4206 1882—83;
318 4145 468 4204 Mommsen,
490 4159 509 4191 r.
531 4143 564 4192 G.
587 4145 644 4206 Ip.
670 4145 736 4200 1663
760 4144 820 4192 Max
838 4144 939 4204 Mulier,
958 4145 1053 4193 Vorles.
1075 4146 1099 4192 ΙΙ
1117 4161 1142 4207 p.
1166 4153 1231 4206 3553

56 4234 215 4296 Sclrwegler,
237 4235 267 4281 R.
290 4233 323 4281 G.
344 4234 356 4280 I
377 4250 402 4296 p.
425 4232 486 4300 228,
507 4245 528 4281 t.

170 4320 190 4384 5)
210 4323 270 4370 Vid.
292 4322 383 4370 Caton.
400 4323 432 4370 de
451 4339 471 4370 r.
488 4339 507 4370 r.
523 4338 578 4386 cap.
598 4336 645 4383 141
667 4323 1231 4386 agrumlustraresicoportet‘:

152 4413 246 4460 Mars
274 4420 379 4474 pater
413 4421 446 4460 te
479 4428 611 4475 precor
643 4427 875 4476 quaesoque,
912 4412 965 4460 uti
1000 4410 1099 4460 siesv
1127 4411 1234 4460 olens

56 4502 254 4571 propitius
282 4500 370 4553 mibi
407 4501 511 4550 domo
540 4500 788 4566 familiaeque
816 4509 986 4562 nostrae,
1017 4501 1152 4567 quoius
1181 4502 1233 4557 rei
