<?xml version="1.0" encoding="UTF-8"?>
<!DOCTYPE html PUBLIC "-//W3C//DTD XHTML 1.0 Transitional//EN"
    "http://www.w3.org/TR/xhtml1/DTD/xhtml1-transitional.dtd">
<html xmlns="http://www.w3.org/1999/xhtml" xml:lang="en" lang="en">
 <head>
  <title>
</title>
<meta http-equiv="Content-Type" content="text/html;charset=utf-8" />
  <meta name='ocr-system' content='tesseract 3.04.00' />
  <meta name='ocr-capabilities' content='ocr_page ocr_carea ocr_par ocr_line ocrx_word'/>
</head>
<body>
  <div class='ocr_page' id='page_1' title='image "./dehymenaeoettal00schmgoog_0011.png"; bbox 0 0 2880 4920; ppageno 0'>
   <div class='ocr_carea' id='block_1_1' title="bbox 608 214 806 264">
    <p class='ocr_par' dir='ltr' id='par_1_1' title="bbox 608 214 806 264">
     <span class='ocr_line' id='line_1_1' title="bbox 608 214 806 264; baseline 0 -28"><span class='ocrx_word' id='word_1_1' title='bbox 608 214 806 264; x_wconf 57' lang='lat'>-4-.</span> 
     </span>
    </p>
   </div>
   <div class='ocr_carea' id='block_1_2' title="bbox 121 389 1294 899">
    <p class='ocr_par' dir='ltr' id='par_1_2' title="bbox 122 389 1294 680">
     <span class='ocr_line' id='line_1_2' title="bbox 123 389 1294 466; baseline -0.002 -19"><span class='ocrx_word' id='word_1_2' title='bbox 123 389 281 466; x_wconf 87' lang='lat' dir='ltr'>telligatur,</span> <span class='ocrx_word' id='word_1_3' title='bbox 307 391 356 466; x_wconf 87' lang='lat' dir='ltr'>qui</span> <span class='ocrx_word' id='word_1_4' title='bbox 381 389 502 464; x_wconf 84' lang='lat' dir='ltr'>quidem</span> <span class='ocrx_word' id='word_1_5' title='bbox 527 389 699 447; x_wconf 81' lang='lat' dir='ltr'>confudisse</span> <span class='ocrx_word' id='word_1_6' title='bbox 728 389 866 448; x_wconf 87' lang='lat' dir='ltr'>videntur</span> <span class='ocrx_word' id='word_1_7' title='bbox 889 391 1098 464; x_wconf 79' lang='lat' dir='ltr'>Hymenaeum</span> <span class='ocrx_word' id='word_1_8' title='bbox 1130 389 1230 462; x_wconf 82' lang='lat' dir='ltr'>ipsum</span> <span class='ocrx_word' id='word_1_9' title='bbox 1266 398 1294 446; x_wconf 89' lang='lat' dir='ltr'>et</span> 
     </span>
     <span class='ocr_line' id='line_1_3' title="bbox 122 496 1292 573; baseline -0.003 -18"><span class='ocrx_word' id='word_1_10' title='bbox 122 498 240 556; x_wconf 86' lang='lat' dir='ltr'>fabulas</span> <span class='ocrx_word' id='word_1_11' title='bbox 264 498 420 573; x_wconf 85' lang='lat' dir='ltr'>quasdam,</span> <span class='ocrx_word' id='word_1_12' title='bbox 447 516 523 571; x_wconf 86' lang='lat' dir='ltr'>quae</span> <span class='ocrx_word' id='word_1_13' title='bbox 547 497 586 555; x_wconf 91' lang='lat' dir='ltr'>de</span> <span class='ocrx_word' id='word_1_14' title='bbox 610 515 646 572; x_wconf 74' lang='lat' dir='ltr'>eo</span> <span class='ocrx_word' id='word_1_15' title='bbox 669 497 849 555; x_wconf 86' lang='lat' dir='ltr'>ferebantur.</span> <span class='ocrx_word' id='word_1_16' title='bbox 888 497 1033 554; x_wconf 75' lang='lat' dir='ltr'>Plurimus</span> <span class='ocrx_word' id='word_1_17' title='bbox 1058 496 1137 554; x_wconf 87' lang='lat' dir='ltr'>enim</span> <span class='ocrx_word' id='word_1_18' title='bbox 1162 496 1292 562; x_wconf 65' lang='lat' dir='ltr'>fabulas</span> 
     </span>
     <span class='ocr_line' id='line_1_4' title="bbox 123 604 1176 680; baseline -0.003 -17"><span class='ocrx_word' id='word_1_19' title='bbox 123 624 197 680; x_wconf 89' lang='lat' dir='ltr'>quas</span> <span class='ocrx_word' id='word_1_20' title='bbox 220 605 400 675; x_wconf 83' lang='lat' dir='ltr'>noverimus,</span> <span class='ocrx_word' id='word_1_21' title='bbox 425 623 491 663; x_wconf 89' lang='lat' dir='ltr'>sero</span> <span class='ocrx_word' id='word_1_22' title='bbox 516 605 680 663; x_wconf 82' lang='lat' dir='ltr'>admodum</span> <span class='ocrx_word' id='word_1_23' title='bbox 705 616 784 662; x_wconf 88' lang='lat' dir='ltr'>ortas</span> <span class='ocrx_word' id='word_1_24' title='bbox 809 623 874 663; x_wconf 82' lang='lat' dir='ltr'>esse</span> <span class='ocrx_word' id='word_1_25' title='bbox 898 605 974 662; x_wconf 87' lang='lat' dir='ltr'>insta</span> <span class='ocrx_word' id='word_1_26' title='bbox 998 604 1176 661; x_wconf 76' lang='lat' dir='ltr'>videbimus</span> 
     </span>
    </p>

    <p class='ocr_par' dir='ltr' id='par_1_3' title="bbox 121 712 1294 899">
     <span class='ocr_line' id='line_1_5' title="bbox 227 712 1294 787; baseline -0.002 -17"><span class='ocrx_word' id='word_1_27' title='bbox 227 715 291 772; x_wconf 88' lang='lat' dir='ltr'>Iam</span> <span class='ocrx_word' id='word_1_28' title='bbox 316 731 385 772; x_wconf 90' lang='lat' dir='ltr'>vero</span> <span class='ocrx_word' id='word_1_29' title='bbox 410 721 507 771; x_wconf 89' lang='lat' dir='ltr'>aetate</span> <span class='ocrx_word' id='word_1_30' title='bbox 531 713 700 787; x_wconf 85' lang='lat' dir='ltr'><strong>Hymenaei</strong></span> <span class='ocrx_word' id='word_1_31' title='bbox 725 712 774 770; x_wconf 91' lang='lat' dir='ltr'>dei</span> <span class='ocrx_word' id='word_1_32' title='bbox 798 713 900 787; x_wconf 88' lang='lat' dir='ltr'>quoad</span> <span class='ocrx_word' id='word_1_33' title='bbox 924 712 987 770; x_wconf 85' lang='lat' dir='ltr'>fieri</span> <span class='ocrx_word' id='word_1_34' title='bbox 1019 712 1115 787; x_wconf 82' lang='lat' dir='ltr'>potuit</span> <span class='ocrx_word' id='word_1_35' title='bbox 1152 720 1294 768; x_wconf 82' lang='lat' dir='ltr'>accurate</span> 
     </span>
     <span class='ocr_line' id='line_1_6' title="bbox 121 820 801 899; baseline 0 -21"><span class='ocrx_word' id='word_1_36' title='bbox 121 820 247 879; x_wconf 85' lang='lat' dir='ltr'>definita</span> <span class='ocrx_word' id='word_1_37' title='bbox 270 821 480 897; x_wconf 82' lang='lat' dir='ltr'>aggrediamur</span> <span class='ocrx_word' id='word_1_38' title='bbox 504 820 620 878; x_wconf 84' lang='lat' dir='ltr'>fabulas</span> <span class='ocrx_word' id='word_1_39' title='bbox 639 820 720 895; x_wconf 90' lang='lat' dir='ltr'>ipsas</span> <span class='ocrx_word' id='word_1_40' title='bbox 799 895 801 899; x_wconf 14' lang='lat'>4</span> 
     </span>
    </p>
   </div>
   <div class='ocr_carea' id='block_1_3' title="bbox 684 1001 720 1075">
    <p class='ocr_par' dir='ltr' id='par_1_4' title="bbox 684 1001 720 1075">
     <span class='ocr_line' id='line_1_7' title="bbox 684 1001 720 1075; baseline 0.083 -3"><span class='ocrx_word' id='word_1_41' title='bbox 684 1001 720 1075; x_wconf 90' lang='lat'>1.</span> 
     </span>
    </p>
   </div>
   <div class='ocr_carea' id='block_1_4' title="bbox 18 1122 1293 2806">
    <p class='ocr_par' dir='ltr' id='par_1_5' title="bbox 18 1122 1293 2806">
     <span class='ocr_line' id='line_1_8' title="bbox 121 1122 1293 1202; baseline -0.003 -19"><span class='ocrx_word' id='word_1_42' title='bbox 121 1142 156 1183; x_wconf 89' lang='lat' dir='ltr'>ae</span> <span class='ocrx_word' id='word_1_43' title='bbox 179 1125 307 1202; x_wconf 85' lang='lat' dir='ltr'>primum</span> <span class='ocrx_word' id='word_1_44' title='bbox 325 1125 446 1200; x_wconf 89' lang='lat' dir='ltr'>quidem</span> <span class='ocrx_word' id='word_1_45' title='bbox 469 1122 545 1195; x_wconf 88' lang='lat' dir='ltr'>illas,</span> <span class='ocrx_word' id='word_1_46' title='bbox 571 1142 648 1199; x_wconf 87' lang='lat' dir='ltr'>quae</span> <span class='ocrx_word' id='word_1_47' title='bbox 671 1123 760 1183; x_wconf 90' lang='lat' dir='ltr'>deum</span> <span class='ocrx_word' id='word_1_48' title='bbox 778 1125 941 1200; x_wconf 84' lang='lat' dir='ltr'>nuptialem</span> <span class='ocrx_word' id='word_1_49' title='bbox 960 1124 1075 1182; x_wconf 88' lang='lat' dir='ltr'>Musa</span> <span class='ocrx_word' id='word_1_50' title='bbox 1099 1122 1293 1198; x_wconf 82' lang='lat' dir='ltr'>genitum</span> 
     </span>
     <span class='ocr_line' id='line_1_9' title="bbox 18 1234 1037 1323; baseline 0.005 -33"><span class='ocrx_word' id='word_1_51' title='bbox 18 1244 83 1323; x_wconf 53' lang='lat' dir='ltr'><em>s</em></span> <span class='ocrx_word' id='word_1_52' title='bbox 120 1234 264 1292; x_wconf 85' lang='lat' dir='ltr'>serebant.</span> <span class='ocrx_word' id='word_1_53' title='bbox 1021 1239 1037 1246; x_wconf 74' lang='grc'><strong>“</strong></span> 
     </span>
     <span class='ocr_line' id='line_1_10' title="bbox 687 1322 783 1381; baseline 0 -53"><span class='ocrx_word' id='word_1_54' title='bbox 687 1323 710 1381; x_wconf 37' lang='grc' dir='ltr'>Ι.</span> <span class='ocrx_word' id='word_1_55' title='bbox 780 1322 783 1328; x_wconf 86' lang='grc'><em>.</em></span> 
     </span>
     <span class='ocr_line' id='line_1_11' title="bbox 225 1425 1292 1521; baseline 0.014 -33"><span class='ocrx_word' id='word_1_56' title='bbox 225 1426 442 1505; x_wconf 68' lang='lat' dir='ltr'>Antiquissima</span> <span class='ocrx_word' id='word_1_57' title='bbox 464 1425 550 1486; x_wconf 87' lang='lat' dir='ltr'>huius</span> <span class='ocrx_word' id='word_1_58' title='bbox 574 1428 771 1505; x_wconf 82' lang='lat' dir='ltr'>genealogiae</span> <span class='ocrx_word' id='word_1_59' title='bbox 798 1429 1136 1510; x_wconf 78' lang='lat' dir='ltr'>vestigia&#39;reperiuntur</span> <span class='ocrx_word' id='word_1_60' title='bbox 1160 1443 1189 1500; x_wconf 88' lang='lat' dir='ltr'>in</span> <span class='ocrx_word' id='word_1_61' title='bbox 1215 1445 1292 1521; x_wconf 84' lang='lat' dir='ltr'>frag·</span> 
     </span>
     <span class='ocr_line' id='line_1_12' title="bbox 118 1535 1290 1640; baseline 0.012 -44"><span class='ocrx_word' id='word_1_62' title='bbox 118 1550 220 1596; x_wconf 87' lang='lat' dir='ltr'>mento</span> <span class='ocrx_word' id='word_1_63' title='bbox 255 1537 391 1617; x_wconf 65' lang='lat' dir='ltr'>Pindari,</span> <span class='ocrx_word' id='word_1_64' title='bbox 435 1537 517 1612; x_wconf 86' lang='lat' dir='ltr'>quod</span> <span class='ocrx_word' id='word_1_65' title='bbox 552 1547 595 1594; x_wconf 87' lang='lat' dir='ltr'>est</span> <span class='ocrx_word' id='word_1_66' title='bbox 630 1537 660 1595; x_wconf 93' lang='lat' dir='ltr'>in</span> <span class='ocrx_word' id='word_1_67' title='bbox 695 1535 816 1640; x_wconf 33' lang='lat' dir='ltr'>scholii-s</span> <span class='ocrx_word' id='word_1_68' title='bbox 850 1539 1006 1623; x_wconf 67' lang='lat' dir='ltr'>Vaticanis</span> <span class='ocrx_word' id='word_1_69' title='bbox 1042 1547 1080 1604; x_wconf 88' lang='lat' dir='ltr'>ad</span> <span class='ocrx_word' id='word_1_70' title='bbox 1118 1544 1290 1633; x_wconf 58' lang='lat' dir='ltr'>(Euripidisl</span> 
     </span>
     <span class='ocr_line' id='line_1_13' title="bbox 38 1643 738 1721; baseline 0.003 -19"><span class='ocrx_word' id='word_1_71' title='bbox 38 1710 43 1715; x_wconf 52' lang='grc'><em>,</em></span> <span class='ocrx_word' id='word_1_72' title='bbox 118 1643 252 1705; x_wconf 87' lang='lat' dir='ltr'>Rhesum</span> <span class='ocrx_word' id='word_1_73' title='bbox 275 1667 302 1704; x_wconf 93' lang='lat' dir='ltr'>v.</span> <span class='ocrx_word' id='word_1_74' title='bbox 329 1649 401 1721; x_wconf 81' lang='lat'><strong>895.</strong></span> <span class='ocrx_word' id='word_1_75' title='bbox 735 1647 738 1650; x_wconf 66' lang='grc'>’</span> 
     </span>
     <span class='ocr_line' id='line_1_14' title="bbox 136 1743 1290 1844; baseline 0.018 -35"><span class='ocrx_word' id='word_1_76' title='bbox 136 1743 188 1766; x_wconf 56' lang='lat' dir='ltr'>ae-</span> <span class='ocrx_word' id='word_1_77' title='bbox 226 1754 279 1830; x_wconf 83' lang='lat' dir='ltr'>lrg.</span> <span class='ocrx_word' id='word_1_78' title='bbox 310 1768 368 1828; x_wconf 80' lang='lat'>139</span> <span class='ocrx_word' id='word_1_79' title='bbox 394 1753 504 1829; x_wconf 85' lang='lat' dir='ltr'>Bergk:</span> <span class='ocrx_word' id='word_1_80' title='bbox 522 1748 545 1830; x_wconf 85' lang='grc'>1)</span> <span class='ocrx_word' id='word_1_81' title='bbox 569 1746 635 1817; x_wconf 60' lang='lat' dir='ltr'>{aaa</span> <span class='ocrx_word' id='word_1_82' title='bbox 657 1756 720 1835; x_wconf 79' lang='grc' dir='ltr'>μὲν</span> <span class='ocrx_word' id='word_1_83' title='bbox 743 1753 991 1840; x_wconf 75' lang='grc' dir='ltr'><em>χρυσαλακάτου</em></span> <span class='ocrx_word' id='word_1_84' title='bbox 1014 1769 1132 1827; x_wconf 68' lang='grc' dir='ltr'><em>τοκέων</em></span> <span class='ocrx_word' id='word_1_85' title='bbox 1153 1770 1290 1844; x_wconf 74' lang='grc' dir='ltr'><em>Λατοῦς</em></span> 
     </span>
     <span class='ocr_line' id='line_1_15' title="bbox 1063 1857 1180 1933; baseline 0.026 -3"><span class='ocrx_word' id='word_1_86' title='bbox 1063 1857 1180 1933; x_wconf 64' lang='lat' dir='ltr'>dorda!</span> 
     </span>
     <span class='ocr_line' id='line_1_16' title="bbox 117 1956 1185 2057; baseline -0.001 -28"><span class='ocrx_word' id='word_1_87' title='bbox 117 1961 213 2055; x_wconf 70' lang='grc' dir='ltr'><em>ὥρια)</em></span> <span class='ocrx_word' id='word_1_88' title='bbox 237 1963 425 2042; x_wconf 65' lang='lat' dir='ltr'>waldradae·</span> <span class='ocrx_word' id='word_1_89' title='bbox 450 1956 484 2029; x_wconf 70' lang='grc' dir='ltr'>ἰν</span> <span class='ocrx_word' id='word_1_90' title='bbox 508 1990 538 2029; x_wconf 88' lang='grc' dir='ltr'><em>τι</em></span> <span class='ocrx_word' id='word_1_91' title='bbox 549 2016 643 2028; x_wconf 90' lang='grc'><strong><em>.....</em></strong></span> <span class='ocrx_word' id='word_1_92' title='bbox 674 1965 819 2043; x_wconf 76' lang='grc' dir='ltr'><em>ελλοντος</em></span> <span class='ocrx_word' id='word_1_93' title='bbox 842 1965 946 2034; x_wconf 62' lang='lat' dir='ltr'>aaran.</span> <span class='ocrx_word' id='word_1_94' title='bbox 964 2020 991 2031; x_wconf 88' lang='lat'>..</span> <span class='ocrx_word' id='word_1_95' title='bbox 1023 1983 1185 2057; x_wconf 58' lang='grc' dir='ltr'><em>στέφανοι)</em></span> 
     </span>
     <span class='ocr_line' id='line_1_17' title="bbox 116 2066 1019 2159; baseline 0.003 -22"><span class='ocrx_word' id='word_1_96' title='bbox 116 2070 152 2140; x_wconf 68' lang='grc' dir='ltr'>ἐκ</span> <span class='ocrx_word' id='word_1_97' title='bbox 176 2074 227 2138; x_wconf 82' lang='grc' dir='ltr'><em>διο</em></span> <span class='ocrx_word' id='word_1_98' title='bbox 238 2123 354 2137; x_wconf 91' lang='grc'>......</span> <span class='ocrx_word' id='word_1_99' title='bbox 386 2072 557 2156; x_wconf 79' lang='grc' dir='ltr'><em>αιόμεναι·</em></span> <span class='ocrx_word' id='word_1_100' title='bbox 583 2066 620 2136; x_wconf 68' lang='lat' dir='ltr'>eo*</span> <span class='ocrx_word' id='word_1_101' title='bbox 646 2071 681 2136; x_wconf 73' lang='lat' dir='ltr'>dd</span> <span class='ocrx_word' id='word_1_102' title='bbox 705 2083 854 2156; x_wconf 82' lang='grc' dir='ltr'><em>κοίμισαν</em></span> <span class='ocrx_word' id='word_1_103' title='bbox 877 2067 951 2159; x_wconf 45' lang='grc' dir='ltr'>τρῖ.</span> <span class='ocrx_word' id='word_1_104' title='bbox 969 2128 974 2138; x_wconf 92' lang='grc'><strong>.</strong></span> <span class='ocrx_word' id='word_1_105' title='bbox 991 2130 1019 2140; x_wconf 91' lang='grc'>..</span> 
     </span>
     <span class='ocr_line' id='line_1_18' title="bbox 778 2181 1287 2274; baseline 0.028 -32"><span class='ocrx_word' id='word_1_106' title='bbox 778 2233 873 2246; x_wconf 90' lang='grc'><em>.....</em></span> <span class='ocrx_word' id='word_1_107' title='bbox 882 2181 1007 2267; x_wconf 80' lang='grc' dir='ltr'><em>σάματ’</em></span> <span class='ocrx_word' id='word_1_108' title='bbox 1032 2187 1287 2274; x_wconf 66' lang='grc' dir='ltr'><em>άποιμθιμένοιν.</em></span> 
     </span>
     <span class='ocr_line' id='line_1_19' title="bbox 118 2280 806 2372; baseline 0.003 -20"><span class='ocrx_word' id='word_1_109' title='bbox 118 2289 140 2352; x_wconf 76' lang='grc' dir='ltr'>οἱ</span> <span class='ocrx_word' id='word_1_110' title='bbox 164 2294 225 2371; x_wconf 74' lang='grc' dir='ltr'>μὲν</span> <span class='ocrx_word' id='word_1_111' title='bbox 249 2289 375 2372; x_wconf 70' lang='grc' dir='ltr'><em>οἷχέταν</em></span> <span class='ocrx_word' id='word_1_112' title='bbox 397 2293 501 2354; x_wconf 80' lang='grc' dir='ltr'><strong><em>Λίνον</em></strong></span> <span class='ocrx_word' id='word_1_113' title='bbox 525 2289 651 2354; x_wconf 75' lang='grc' dir='ltr'><em>αἴλινον</em></span> <span class='ocrx_word' id='word_1_114' title='bbox 674 2280 806 2372; x_wconf 69' lang='grc' dir='ltr'><em>ἱῖμνειιν,</em></span> 
     </span>
     <span class='ocr_line' id='line_1_20' title="bbox 24 2390 961 2482; baseline 0.005 -25"><span class='ocrx_word' id='word_1_115' title='bbox 24 2450 31 2457; x_wconf 77' lang='grc'><strong><em>,</em></strong></span> <span class='ocrx_word' id='word_1_116' title='bbox 117 2390 140 2459; x_wconf 77' lang='grc' dir='ltr'><em>ά</em></span> <span class='ocrx_word' id='word_1_117' title='bbox 164 2395 190 2459; x_wconf 81' lang='lat' dir='ltr'>d&#39;</span> <span class='ocrx_word' id='word_1_118' title='bbox 215 2395 394 2478; x_wconf 68' lang='grc' dir='ltr'><em>Ὑμέναιον,</em></span> <span class='ocrx_word' id='word_1_119' title='bbox 420 2392 458 2458; x_wconf 73' lang='grc' dir='ltr'>ὃν</span> <span class='ocrx_word' id='word_1_120' title='bbox 481 2391 517 2459; x_wconf 77' lang='grc' dir='ltr'>ἕν</span> <span class='ocrx_word' id='word_1_121' title='bbox 539 2393 668 2479; x_wconf 70' lang='grc' dir='ltr'><em>γάμοισι</em></span> <span class='ocrx_word' id='word_1_122' title='bbox 693 2395 916 2482; x_wconf 76' lang='grc' dir='ltr'><em>χροῑζόμινον.</em></span> <span class='ocrx_word' id='word_1_123' title='bbox 933 2451 961 2462; x_wconf 88' lang='grc'>..</span> 
     </span>
     <span class='ocr_line' id='line_1_21' title="bbox 442 2501 781 2591; baseline 0 -24"><span class='ocrx_word' id='word_1_124' title='bbox 442 2501 501 2570; x_wconf 65' lang='grc' dir='ltr'>σάν</span> <span class='ocrx_word' id='word_1_125' title='bbox 524 2508 654 2591; x_wconf 76' lang='grc' dir='ltr'><em>πρῶτον</em></span> <span class='ocrx_word' id='word_1_126' title='bbox 677 2503 781 2580; x_wconf 73' lang='grc' dir='ltr'><em>λάβεν</em></span> 
     </span>
     <span class='ocr_line' id='line_1_22' title="bbox 115 2603 913 2701; baseline 0.005 -29"><span class='ocrx_word' id='word_1_127' title='bbox 115 2603 263 2692; x_wconf 68' lang='grc' dir='ltr'><em>ἐσχάτοις</em></span> <span class='ocrx_word' id='word_1_128' title='bbox 286 2607 452 2695; x_wconf 70' lang='grc' dir='ltr'><em>ὕμνοισιν·</em></span> <span class='ocrx_word' id='word_1_129' title='bbox 479 2605 502 2674; x_wconf 77' lang='grc' dir='ltr'>οἳ</span> <span class='ocrx_word' id='word_1_130' title='bbox 527 2607 554 2673; x_wconf 79' lang='grc' dir='ltr'>δ’</span> <span class='ocrx_word' id='word_1_131' title='bbox 579 2611 730 2696; x_wconf 82' lang='grc' dir='ltr'><em>Ἰάλεμον</em></span> <span class='ocrx_word' id='word_1_132' title='bbox 753 2603 913 2701; x_wconf 71' lang='grc' dir='ltr'><em>οἷμοβόλῳ</em></span> 
     </span>
     <span class='ocr_line' id='line_1_23' title="bbox 116 2713 684 2806; baseline 0 -24"><span class='ocrx_word' id='word_1_133' title='bbox 116 2715 216 2806; x_wconf 78' lang='grc' dir='ltr'><em>νούσῳ</em></span> <span class='ocrx_word' id='word_1_134' title='bbox 243 2713 311 2800; x_wconf 73' lang='grc' dir='ltr'><em>[ὅτι]</em></span> <span class='ocrx_word' id='word_1_135' title='bbox 337 2719 533 2782; x_wconf 67' lang='grc' dir='ltr'><em>πεδαθέντα</em></span> <span class='ocrx_word' id='word_1_136' title='bbox 559 2724 684 2796; x_wconf 71' lang='grc' dir='ltr'><em>σθένος,</em></span> 
     </span>
    </p>
   </div>
   <div class='ocr_carea' id='block_1_5' title="bbox 114 2819 1289 3010">
    <p class='ocr_par' dir='ltr' id='par_1_6' title="bbox 114 2819 1279 3010">
     <span class='ocr_line' id='line_1_24' title="bbox 114 2819 744 2914; baseline 0 -25"><span class='ocrx_word' id='word_1_137' title='bbox 114 2822 188 2889; x_wconf 73' lang='grc' dir='ltr'><em>οἱον</em></span> <span class='ocrx_word' id='word_1_138' title='bbox 214 2819 355 2912; x_wconf 75' lang='grc' dir='ltr'><em>Οἰάγρου</em></span> <span class='ocrx_word' id='word_1_139' title='bbox 378 2851 414 2889; x_wconf 78' lang='grc' dir='ltr'>τε</span> <span class='ocrx_word' id='word_1_140' title='bbox 436 2819 585 2913; x_wconf 83' lang='grc' dir='ltr'><em>χριισάορ’</em></span> <span class='ocrx_word' id='word_1_141' title='bbox 610 2826 744 2914; x_wconf 75' lang='grc' dir='ltr'><em>Ὀρφέα.</em></span> 
     </span>
     <span class='ocr_line' id='line_1_25' title="bbox 221 2935 1289 3010; baseline 0.011 -19"><span class='ocrx_word' id='word_1_142' title='bbox 221 2935 274 2992; x_wconf 88' lang='lat' dir='ltr'>Est</span> <span class='ocrx_word' id='word_1_143' title='bbox 296 2936 380 2993; x_wconf 87' lang='lat' dir='ltr'>locus</span> <span class='ocrx_word' id='word_1_144' title='bbox 404 2953 477 2992; x_wconf 89' lang='lat' dir='ltr'>sane</span> <span class='ocrx_word' id='word_1_145' title='bbox 501 2935 749 3010; x_wconf 87' lang='lat' dir='ltr'>corruptissimus,</span> <span class='ocrx_word' id='word_1_146' title='bbox 774 2937 821 2994; x_wconf 88' lang='lat' dir='ltr'>cui</span> <span class='ocrx_word' id='word_1_147' title='bbox 846 2947 877 2994; x_wconf 91' lang='lat' dir='ltr'>ut</span> <span class='ocrx_word' id='word_1_148' title='bbox 892 2938 1042 2996; x_wconf 86' lang='lat' dir='ltr'>medelam</span> <span class='ocrx_word' id='word_1_149' title='bbox 1067 2950 1179 2998; x_wconf 88' lang='lat' dir='ltr'>certam</span> <span class='ocrx_word' id='word_1_150' title='bbox 1204 2945 1289 3003; x_wconf 85' lang='lat' dir='ltr'>affer·</span> 
     </span>
    </p>
   </div>
   <div class='ocr_carea' id='block_1_6' title="bbox 55 3039 1289 3875">
    <p class='ocr_par' dir='ltr' id='par_1_7' title="bbox 115 3039 1289 3128">
     <span class='ocr_line' id='line_1_26' title="bbox 115 3039 1289 3128; baseline 0.009 -30"><span class='ocrx_word' id='word_1_151' title='bbox 115 3053 180 3100; x_wconf 88' lang='lat' dir='ltr'>rent</span> <span class='ocrx_word' id='word_1_152' title='bbox 196 3042 374 3100; x_wconf 88' lang='lat' dir='ltr'>coniecturis</span> <span class='ocrx_word' id='word_1_153' title='bbox 399 3042 452 3099; x_wconf 88' lang='lat' dir='ltr'>vin</span> <span class='ocrx_word' id='word_1_154' title='bbox 445 3042 635 3100; x_wconf 84' lang='lat' dir='ltr'>doctissimi</span> <span class='ocrx_word' id='word_1_155' title='bbox 652 3043 907 3114; x_wconf 85' lang='lat' dir='ltr'>Schneidewinus</span> <span class='ocrx_word' id='word_1_156' title='bbox 918 3039 941 3128; x_wconf 75' lang='grc'>“·)</span> <span class='ocrx_word' id='word_1_157' title='bbox 966 3041 1165 3117; x_wconf 86' lang='lat' dir='ltr'>Welckerus,</span> <span class='ocrx_word' id='word_1_158' title='bbox 1160 3041 1185 3126; x_wconf 99' lang='grc'>)</span> <span class='ocrx_word' id='word_1_159' title='bbox 1212 3051 1289 3108; x_wconf 89' lang='lat' dir='ltr'>Her·</span> 
     </span>
    </p>

    <p class='ocr_par' dir='ltr' id='par_1_8' title="bbox 116 3146 1287 3229">
     <span class='ocr_line' id='line_1_27' title="bbox 116 3146 1287 3229; baseline 0.008 -23"><span class='ocrx_word' id='word_1_160' title='bbox 116 3169 254 3221; x_wconf 88' lang='lat' dir='ltr'>mannus,</span> <span class='ocrx_word' id='word_1_161' title='bbox 264 3146 508 3229; x_wconf 70' lang='lat' dir='ltr'>4)&#39;Hattungius,</span> <span class='ocrx_word' id='word_1_162' title='bbox 535 3150 689 3222; x_wconf 87' lang='lat' dir='ltr'>Christius</span> <span class='ocrx_word' id='word_1_163' title='bbox 714 3151 858 3226; x_wconf 87' lang='lat' dir='ltr'>Bergkius</span> <span class='ocrx_word' id='word_1_164' title='bbox 882 3153 1002 3222; x_wconf 82' lang='lat' dir='ltr'>frustra,</span> <span class='ocrx_word' id='word_1_165' title='bbox 1037 3163 1067 3210; x_wconf 91' lang='lat' dir='ltr'>ut</span> <span class='ocrx_word' id='word_1_166' title='bbox 1091 3155 1180 3212; x_wconf 88' lang='lat' dir='ltr'>nobis</span> <span class='ocrx_word' id='word_1_167' title='bbox 1205 3157 1287 3216; x_wconf 74' lang='lat' dir='ltr'>iide-</span> 
     </span>
    </p>

    <p class='ocr_par' dir='ltr' id='par_1_9' title="bbox 115 3258 1286 3335">
     <span class='ocr_line' id='line_1_28' title="bbox 115 3258 1286 3335; baseline 0.008 -20"><span class='ocrx_word' id='word_1_168' title='bbox 115 3268 169 3328; x_wconf 90' lang='lat' dir='ltr'>tur,</span> <span class='ocrx_word' id='word_1_169' title='bbox 195 3258 270 3316; x_wconf 89' lang='lat' dir='ltr'>enisi</span> <span class='ocrx_word' id='word_1_170' title='bbox 293 3268 369 3316; x_wconf 87' lang='lat' dir='ltr'>sunt.</span> <span class='ocrx_word' id='word_1_171' title='bbox 413 3260 458 3316; x_wconf 90' lang='lat' dir='ltr'>Ea</span> <span class='ocrx_word' id='word_1_172' title='bbox 481 3270 580 3317; x_wconf 89' lang='lat' dir='ltr'>autem</span> <span class='ocrx_word' id='word_1_173' title='bbox 604 3258 635 3316; x_wconf 91' lang='lat' dir='ltr'>in</span> <span class='ocrx_word' id='word_1_174' title='bbox 658 3277 689 3317; x_wconf 88' lang='lat' dir='ltr'>re</span> <span class='ocrx_word' id='word_1_175' title='bbox 713 3277 818 3318; x_wconf 87' lang='lat' dir='ltr'>omnes</span> <span class='ocrx_word' id='word_1_176' title='bbox 843 3261 1042 3331; x_wconf 86' lang='lat' dir='ltr'>consentiunt,</span> <span class='ocrx_word' id='word_1_177' title='bbox 1069 3262 1150 3335; x_wconf 85' lang='lat' dir='ltr'>quod</span> <span class='ocrx_word' id='word_1_178' title='bbox 1175 3263 1286 3324; x_wconf 90' lang='lat' dir='ltr'>Pinda-</span> 
     </span>
    </p>

    <p class='ocr_par' dir='ltr' id='par_1_10' title="bbox 115 3363 1288 3449">
     <span class='ocr_line' id='line_1_29' title="bbox 115 3363 1288 3449; baseline 0.009 -27"><span class='ocrx_word' id='word_1_179' title='bbox 115 3384 179 3422; x_wconf 85' lang='lat' dir='ltr'>rum</span> <span class='ocrx_word' id='word_1_180' title='bbox 202 3377 325 3424; x_wconf 88' lang='lat' dir='ltr'>censent</span> <span class='ocrx_word' id='word_1_181' title='bbox 348 3366 482 3424; x_wconf 87' lang='lat' dir='ltr'>versibus</span> <span class='ocrx_word' id='word_1_182' title='bbox 506 3366 563 3424; x_wconf 93' lang='lat' dir='ltr'>illis</span> <span class='ocrx_word' id='word_1_183' title='bbox 587 3363 634 3442; x_wconf 85' lang='grc' dir='ltr'>(τό</span> <span class='ocrx_word' id='word_1_184' title='bbox 661 3365 697 3429; x_wconf 73' lang='grc' dir='ltr'>δὲ</span> <span class='ocrx_word' id='word_1_185' title='bbox 720 3367 1062 3449; x_wconf 61' lang='lat' dir='ltr'>aolpcoav--odavogl</span> <span class='ocrx_word' id='word_1_186' title='bbox 1079 3369 1170 3426; x_wconf 76' lang='lat' dir='ltr'>verlra</span> <span class='ocrx_word' id='word_1_187' title='bbox 1187 3371 1288 3432; x_wconf 82' lang='lat' dir='ltr'>lacere</span> 
     </span>
    </p>

    <p class='ocr_par' dir='ltr' id='par_1_11' title="bbox 55 3472 1284 3657">
     <span class='ocr_line' id='line_1_30' title="bbox 64 3472 1284 3552; baseline 0.006 -22"><span class='ocrx_word' id='word_1_188' title='bbox 64 3479 73 3549; x_wconf 87' lang='grc'>)</span> <span class='ocrx_word' id='word_1_189' title='bbox 115 3472 153 3532; x_wconf 90' lang='lat' dir='ltr'>de</span> <span class='ocrx_word' id='word_1_190' title='bbox 177 3473 269 3532; x_wconf 88' lang='lat' dir='ltr'>tribus</span> <span class='ocrx_word' id='word_1_191' title='bbox 293 3474 397 3544; x_wconf 89' lang='lat' dir='ltr'>Musis,</span> <span class='ocrx_word' id='word_1_192' title='bbox 423 3492 501 3548; x_wconf 89' lang='lat' dir='ltr'>quae</span> <span class='ocrx_word' id='word_1_193' title='bbox 532 3473 609 3531; x_wconf 90' lang='lat' dir='ltr'>filios</span> <span class='ocrx_word' id='word_1_194' title='bbox 642 3482 832 3548; x_wconf 88' lang='lat' dir='ltr'>praematura</span> <span class='ocrx_word' id='word_1_195' title='bbox 856 3487 950 3534; x_wconf 89' lang='lat' dir='ltr'>morte</span> <span class='ocrx_word' id='word_1_196' title='bbox 985 3476 1136 3549; x_wconf 66' lang='lat' dir='ltr'>abreptos</span> <span class='ocrx_word' id='word_1_197' title='bbox 1163 3477 1284 3552; x_wconf 84' lang='lat' dir='ltr'>Linum,</span> 
     </span>
     <span class='ocr_line' id='line_1_31' title="bbox 55 3556 661 3657; baseline 0.003 -20"><span class='ocrx_word' id='word_1_198' title='bbox 55 3556 65 3625; x_wconf 28' lang='grc' dir='ltr'>ΓΙ</span> <span class='ocrx_word' id='word_1_199' title='bbox 114 3581 333 3655; x_wconf 84' lang='lat' dir='ltr'>Hymenaeum,</span> <span class='ocrx_word' id='word_1_200' title='bbox 358 3582 503 3639; x_wconf 91' lang='lat' dir='ltr'>Ialemum</span> <span class='ocrx_word' id='word_1_201' title='bbox 530 3581 661 3657; x_wconf 85' lang='lat' dir='ltr'>lugeant.</span> 
     </span>
    </p>

    <p class='ocr_par' dir='ltr' id='par_1_12' title="bbox 219 3687 1284 3765">
     <span class='ocr_line' id='line_1_32' title="bbox 219 3687 1284 3765; baseline 0.008 -21"><span class='ocrx_word' id='word_1_202' title='bbox 219 3688 319 3746; x_wconf 89' lang='lat' dir='ltr'>Vocat</span> <span class='ocrx_word' id='word_1_203' title='bbox 342 3687 430 3764; x_wconf 90' lang='lat' dir='ltr'>igitur</span> <span class='ocrx_word' id='word_1_204' title='bbox 452 3695 543 3764; x_wconf 85' lang='lat' dir='ltr'>poeta</span> <span class='ocrx_word' id='word_1_205' title='bbox 566 3689 776 3762; x_wconf 87' lang='lat' dir='ltr'>Hymenaeum</span> <span class='ocrx_word' id='word_1_206' title='bbox 800 3690 906 3748; x_wconf 87' lang='lat' dir='ltr'>Musae</span> <span class='ocrx_word' id='word_1_207' title='bbox 937 3689 1047 3762; x_wconf 71' lang='lat' dir='ltr'>filium3</span> <span class='ocrx_word' id='word_1_208' title='bbox 1081 3709 1159 3765; x_wconf 89' lang='lat' dir='ltr'>quae</span> <span class='ocrx_word' id='word_1_209' title='bbox 1183 3705 1284 3752; x_wconf 87' lang='lat' dir='ltr'>autem</span> 
     </span>
    </p>

    <p class='ocr_par' dir='ltr' id='par_1_13' title="bbox 114 3791 1285 3875">
     <span class='ocr_line' id='line_1_33' title="bbox 114 3791 1285 3875; baseline 0.007 -23"><span class='ocrx_word' id='word_1_210' title='bbox 114 3795 203 3853; x_wconf 91' lang='lat' dir='ltr'>Musa</span> <span class='ocrx_word' id='word_1_211' title='bbox 237 3794 324 3853; x_wconf 85' lang='lat' dir='ltr'>fuerit</span> <span class='ocrx_word' id='word_1_212' title='bbox 358 3804 452 3853; x_wconf 87' lang='lat' dir='ltr'>mater</span> <span class='ocrx_word' id='word_1_213' title='bbox 486 3795 549 3853; x_wconf 90' lang='lat' dir='ltr'>eius</span> <span class='ocrx_word' id='word_1_214' title='bbox 584 3796 642 3853; x_wconf 92' lang='lat' dir='ltr'>hoc</span> <span class='ocrx_word' id='word_1_215' title='bbox 670 3796 739 3853; x_wconf 90' lang='lat' dir='ltr'>loeo</span> <span class='ocrx_word' id='word_1_216' title='bbox 768 3814 830 3854; x_wconf 91' lang='lat' dir='ltr'>non</span> <span class='ocrx_word' id='word_1_217' title='bbox 862 3797 1070 3872; x_wconf 69' lang='lat' dir='ltr'>comperimus</span> <span class='ocrx_word' id='word_1_218' title='bbox 1082 3791 1105 3875; x_wconf 73' lang='grc' dir='ltr'>Τ’)</span> <span class='ocrx_word' id='word_1_219' title='bbox 1137 3800 1191 3857; x_wconf 90' lang='lat' dir='ltr'>etsi</span> <span class='ocrx_word' id='word_1_220' title='bbox 1222 3802 1285 3860; x_wconf 90' lang='lat' dir='ltr'>iure</span> 
     </span>
    </p>
   </div>
   <div class='ocr_carea' id='block_1_7' title="bbox 112 3968 1278 4490">
    <p class='ocr_par' dir='ltr' id='par_1_14' title="bbox 226 3968 833 4040">
     <span class='ocr_line' id='line_1_34' title="bbox 226 3968 833 4040; baseline 0.002 -20"><span class='ocrx_word' id='word_1_221' title='bbox 226 3968 247 4038; x_wconf 89' lang='lat'>¹)</span> <span class='ocrx_word' id='word_1_222' title='bbox 267 3971 308 4028; x_wconf 85' lang='lat' dir='ltr'>Cf</span> <span class='ocrx_word' id='word_1_223' title='bbox 327 3971 505 4040; x_wconf 87' lang='lat' dir='ltr'>Wilamowitz</span> <span class='ocrx_word' id='word_1_224' title='bbox 526 3971 631 4020; x_wconf 86' lang='lat' dir='ltr'>Hennes</span> <span class='ocrx_word' id='word_1_225' title='bbox 650 3971 710 4020; x_wconf 84' lang='lat' dir='ltr'>XIV</span> <span class='ocrx_word' id='word_1_226' title='bbox 729 3989 753 4035; x_wconf 83' lang='lat' dir='ltr'>p</span> <span class='ocrx_word' id='word_1_227' title='bbox 777 3981 833 4033; x_wconf 85' lang='lat'>172</span> 
     </span>
    </p>

    <p class='ocr_par' dir='ltr' id='par_1_15' title="bbox 222 4057 705 4128">
     <span class='ocr_line' id='line_1_35' title="bbox 222 4057 705 4128; baseline 0 -19"><span class='ocrx_word' id='word_1_228' title='bbox 222 4057 626 4128; x_wconf 78' lang='lat' dir='ltr'>²)Rhein,Mus,11,1833p</span> <span class='ocrx_word' id='word_1_229' title='bbox 649 4074 705 4114; x_wconf 81' lang='lat'><em>112,</em></span> 
     </span>
    </p>

    <p class='ocr_par' dir='ltr' id='par_1_16' title="bbox 220 4149 579 4218">
     <span class='ocr_line' id='line_1_36' title="bbox 220 4149 579 4218; baseline -0.003 -19"><span class='ocrx_word' id='word_1_230' title='bbox 220 4149 242 4218; x_wconf 71' lang='lat'>³)</span> <span class='ocrx_word' id='word_1_231' title='bbox 261 4151 306 4208; x_wconf 91' lang='lat' dir='ltr'>Kl</span> <span class='ocrx_word' id='word_1_232' title='bbox 325 4152 393 4207; x_wconf 90' lang='lat' dir='ltr'>Schr</span> <span class='ocrx_word' id='word_1_233' title='bbox 413 4152 503 4215; x_wconf 83' lang='lat' dir='ltr'>Ip‚5</span> <span class='ocrx_word' id='word_1_234' title='bbox 490 4161 579 4215; x_wconf 83' lang='lat' dir='ltr'>5qu</span> 
     </span>
    </p>

    <p class='ocr_par' dir='ltr' id='par_1_17' title="bbox 221 4236 574 4306">
     <span class='ocr_line' id='line_1_37' title="bbox 221 4236 574 4306; baseline 0.009 -19"><span class='ocrx_word' id='word_1_235' title='bbox 221 4236 243 4306; x_wconf 71' lang='grc'>4)</span> <span class='ocrx_word' id='word_1_236' title='bbox 264 4240 356 4304; x_wconf 84' lang='lat' dir='ltr'>Opuse,</span> <span class='ocrx_word' id='word_1_237' title='bbox 375 4241 399 4288; x_wconf 91' lang='lat' dir='ltr'>V</span> <span class='ocrx_word' id='word_1_238' title='bbox 418 4257 443 4304; x_wconf 84' lang='lat' dir='ltr'>p.</span> <span class='ocrx_word' id='word_1_239' title='bbox 469 4255 518 4303; x_wconf 88' lang='lat'>190</span> <span class='ocrx_word' id='word_1_240' title='bbox 536 4258 574 4306; x_wconf 86' lang='lat' dir='ltr'>sq</span> 
     </span>
    </p>

    <p class='ocr_par' dir='ltr' id='par_1_18' title="bbox 112 4325 1278 4490">
     <span class='ocr_line' id='line_1_38' title="bbox 221 4325 1278 4398; baseline 0.006 -22"><span class='ocrx_word' id='word_1_241' title='bbox 221 4325 241 4396; x_wconf 66' lang='grc' dir='ltr'>ὅ)</span> <span class='ocrx_word' id='word_1_242' title='bbox 259 4326 330 4378; x_wconf 85' lang='lat' dir='ltr'>Idem</span> <span class='ocrx_word' id='word_1_243' title='bbox 349 4335 387 4378; x_wconf 83' lang='lat' dir='ltr'>est</span> <span class='ocrx_word' id='word_1_244' title='bbox 415 4329 480 4393; x_wconf 85' lang='lat' dir='ltr'>apud</span> <span class='ocrx_word' id='word_1_245' title='bbox 500 4325 681 4384; x_wconf 81' lang='lat' dir='ltr'>Claudianum,</span> <span class='ocrx_word' id='word_1_246' title='bbox 704 4344 744 4392; x_wconf 87' lang='lat' dir='ltr'>qur</span> <span class='ocrx_word' id='word_1_247' title='bbox 739 4328 933 4392; x_wconf 81' lang='lat' dir='ltr'>Hymenaeum</span> <span class='ocrx_word' id='word_1_248' title='bbox 952 4329 1047 4378; x_wconf 90' lang='lat' dir='ltr'>Musa</span> <span class='ocrx_word' id='word_1_249' title='bbox 1066 4328 1219 4393; x_wconf 83' lang='lat' dir='ltr'>genitum</span> <span class='ocrx_word' id='word_1_250' title='bbox 1234 4349 1278 4398; x_wconf 81' lang='lat' dir='ltr'>ap·</span> 
     </span>
     <span class='ocr_line' id='line_1_39' title="bbox 112 4414 1278 4490; baseline 0.003 -22"><span class='ocrx_word' id='word_1_251' title='bbox 112 4419 232 4484; x_wconf 66' lang='lat' dir='ltr'>palate.</span> <span class='ocrx_word' id='word_1_252' title='bbox 249 4419 321 4467; x_wconf 74' lang='lat' dir='ltr'>XXX</span> <span class='ocrx_word' id='word_1_253' title='bbox 336 4431 377 4480; x_wconf 81' lang='grc'>31</span> <span class='ocrx_word' id='word_1_254' title='bbox 394 4419 637 4482; x_wconf 76' lang='lat' dir='ltr'>Apudllesyclrlum</span> <span class='ocrx_word' id='word_1_255' title='bbox 654 4417 778 4481; x_wconf 85' lang='lat' dir='ltr'>legiturs</span> <span class='ocrx_word' id='word_1_256' title='bbox 793 4434 816 4472; x_wconf 90' lang='grc' dir='ltr'><em>ν</em></span> <span class='ocrx_word' id='word_1_257' title='bbox 831 4414 916 4486; x_wconf 76' lang='grc' dir='ltr'><em>ὑιιήν</em></span> <span class='ocrx_word' id='word_1_258' title='bbox 933 4414 1125 4488; x_wconf 60' lang='lat' dir='ltr'>ausaausa-sl</span> <span class='ocrx_word' id='word_1_259' title='bbox 1148 4424 1192 4470; x_wconf 78' lang='grc' dir='ltr'>τοῦ</span> <span class='ocrx_word' id='word_1_260' title='bbox 1209 4419 1278 4490; x_wconf 72' lang='lat' dir='ltr'>-l-n·</span> 
     </span>
    </p>
   </div>
   <div class='ocr_carea' id='block_1_8' title="bbox 0 0 1444 4920">
    <p class='ocr_par' dir='ltr' id='par_1_19' title="bbox 0 0 1444 4920">
     <span class='ocr_line' id='line_1_40' title="bbox 0 0 1444 4920; baseline 0 1"><span class='ocrx_word' id='word_1_261' title='bbox 0 0 1444 4920; x_wconf 95' lang='lat' dir='ltr'> </span> 
     </span>
    </p>
   </div>
  </div>
 </body>
</html>
