2880 4920
698 213 918 285 *5⁶*

219 415 382 493 γέγραπτο
404 399 556 486 τοῦνομα.
581 407 720 492 ἑτέρωθι
744 404 781 470 δὲ
804 408 860 490 τῆς
883 401 1006 484 εἰκόνος
1029 401 1126 470 ἄλλοι
1148 400 1287 493 Ἔρωτος
1318 414 1391 468 ποί·

223 515 331 590 ζουσαν
354 524 410 573 etc.
806 539 810 547 ·
1429 522 1432 527 '

330 620 539 697 Comperimus
564 620 653 698 igitur
676 620 707 680 id
730 629 846 679 tanturn
870 639 906 679 ex
928 620 1056 679 Luciani
1079 621 1162 692 loco,
1194 620 1278 696 quod
1301 621 1391 679 Aetio

222 731 432 804 Hymenaeum
456 728 679 787 adulescentem
702 727 934 803 pulcherrimum
958 727 1067 804 pinxit,
1099 728 1137 787 de
1168 727 1217 786 dei
1248 706 1393 803 nuptialis

221 835 402 911 insignibus,
428 835 535 910 quibus
560 835 599 892 ab
623 834 688 892 aliis
712 834 769 893 diis
793 834 1024 904 discerneretur,
1050 834 1124 893 nihil
1157 835 1307 893 audimus.
1351 836 1394 892 At

218 943 288 1002 licet
312 953 452 1001 accurata
474 942 647 1001 testimonia
669 942 776 1012 desint,
802 961 959 1018 possumus
983 954 1084 1002 tamen
1114 961 1150 1002 ex
1180 942 1290 1001 sabulis
1322 960 1393 1018 poe·

218 1061 376 1126 tarumque
398 1049 649 1125 descriptionibus
673 1068 866 1126 cognoscere,
884 1068 944 1126 quo
968 1050 1061 1109 modo
1077 1052 1290 1126 Hymenaeum
1314 1059 1394 1108 vete-

219 1176 265 1217 res
290 1157 417 1216 artifices
441 1156 589 1215 finxerint.

325 1265 425 1338 Atque
441 1263 472 1321 in
489 1263 598 1321 sabulis
622 1262 744 1338 quidem
760 1263 881 1339 fingitur
896 1263 970 1322 deus
994 1262 1271 1322 adulescens
1297 1266 1394 1339 pul·

218 1372 487 1442 cherrimus,
534 1382 658 1429 vocatur
688 1368 883 1456 πορικαλλὴς
916 1380 1057 1447 νεανίας,
1074 1366 1098 1450 1)
1131 1384 1211 1446 παῖς
1245 1371 1396 1456 περίβλε-

217 1500 296 1554 πτος
319 1473 379 1562 τήν
397 1471 518 1562 ὄψιν)
541 1472 705 1556 οόοονιοε,3)
722 1473 942 1556 οᾱοῑοοοοοοεβ)
959 1495 1043 1555 puer
1058 1471 1254 1556 speciosus.⁵)
1270 1478 1396 1537 Eodem

216 1586 310 1644 modo
326 1584 504 1643 describitur
527 1604 545 1642 a
568 1584 682 1662 poetis,
700 1583 858 1643 Claudian.
884 1584 975 1660 epith.
994 1586 1067 1643 Pall.
1093 1594 1131 1643 et.
1150 1583 1213 1642 Cel.
1238 1603 1265 1642 v.
1287 1604 1329 1661 39
1346 1604 1394 1661 sq.

322 1687 462 1770 Restitit,
484 1692 521 1752 ut
541 1688 624 1751 cidit
652 1687 808 1769 Venerem,
833 1687 1004 1770 dipitisqrre
1026 1687 1169 1752 remissis

320 1794 377 1858 Ad
400 1799 516 1858 terram
540 1795 632 1860 tacite
655 1794 787 1876 defluxit
800 1793 916 1878 fistula
941 1794 1040 1876 lapso.

322 1900 425 1966 Dulce
447 1903 570 1966 oiiourrt
590 1901 683 1984 oculi,
698 1901 722 1984 Ι’“)
746 1903 856 1966 niueos
879 1900 1036 1985 infecerat
1056 1902 1128 1985 iani

323 2008 438 2089 Solque
453 2008 621 2089 pudorque
641 2027 762 2092 perros;
786 2008 916 2072 dubium
941 2007 1107 2091 luuupiriis
1128 2007 1277 2072 nostrum

327 2115 495 2181 Caesaries
518 2117 647 2181 intonsa
671 2118 752 2200 tepit.

320 2229 411 2304 Apud
440 2229 584 2286 Nonnum
600 2222 623 2306 7)
659 2246 780 2304 quoque
823 2227 991 2286 invenimus
1022 2228 1233 2302 Hymenaeum
1272 2233 1397 2314 κοῦρον

214 2345 379 2395 certantem
404 2336 581 2412 Ganymede
605 2336 706 2395 iudice
729 2354 798 2393 cum
822 2334 988 2411 Cupidine:

332 2433 407 2528 εὗρε
431 2441 470 2506 δέ
489 2465 547 2525 μιν
569 2450 714 2528 χροσέοιο
737 2449 812 2527 περὶ
835 2443 904 2523 ῥίον
928 2437 1029 2526 ἄκρον
1051 2429 1222 2523 Ὀλύμπου

332 2558 509 2637 νεκταρέας
534 2545 748 2634 ῥαθάμιγγας
772 2539 985 2624 οἷκοντίζοντα
1009 2548 1191 2623 κυπέλλοις.

221 2727 298 2776 dubio
319 2726 382 2775 haec
401 2726 555 2785 coniectura,
577 2742 653 2790 quam
673 2733 759 2774 auctor
777 2741 808 2774 ne
827 2741 877 2774 uno
896 2724 999 2790 quidem
1018 2731 1166 2787 argumento
1181 2724 1264 2788 potuit
1283 2725 1395 2775 firmare.

212 2817 421 2879 Exspectaremus
448 2814 474 2862 in
494 2814 589 2862 Somno
618 2814 666 2861 deo
684 2829 722 2863 res
746 2813 868 2879 quasdam
894 2821 1008 2863 naturam
1035 2813 1087 2862 eius
1115 2812 1303 2880 significantes,
1331 2832 1395 2880 quas

214 2905 354 2954 Lucianum
373 2920 425 2951 non
444 2903 602 2965 conspexisse
622 2912 664 2952 aut
677 2911 823 2966 conspectas
842 2919 893 2951 non
913 2910 1047 2951 annotasse
1061 2902 1164 2951 minime
1183 2910 1220 2952 est
1239 2904 1389 2954 verisimile.

215 2993 321 3043 Accedit
339 2992 407 3058 quod
426 2991 597 3060 Hephaestio,
619 3008 668 3057 quo
695 3008 770 3040 nemo
789 2999 840 3041 erat
864 2991 1009 3040 Alexandro
1035 2991 1154 3051 amicior,
1185 2992 1298 3055 optimus
1326 3002 1392 3043 certe

215 3084 355 3147 nuptiarum
375 3089 427 3131 erat
445 3081 524 3131 testis
548 3070 579 3118 -ss
599 3082 682 3130 Bruun
702 3085 751 3144 (gr.
772 3081 807 3128 K.
828 3080 848 3129 ll
866 3096 892 3143 p.
914 3091 975 3142 247.
1010 3081 1043 3130 cs.
1064 3082 1168 3130 Blumn.
1195 3081 1214 3131 l.
1239 3082 1258 3130 l.
1286 3098 1313 3146 p.
1344 3082 1391 3149 45)

215 3172 240 3221 in
259 3173 307 3221 hac
325 3171 441 3221 Aetionis
467 3171 562 3235 pictura
586 3170 695 3234 primunr
721 3170 827 3233 spectari
853 3187 973 3234 personas
998 3171 1110 3234 poeticas
1135 3170 1309 3236 mythicasque
1333 3188 1390 3222 cum

213 3261 286 3310 rebus
306 3278 363 3310 vere
388 3261 466 3322 gestis
494 3260 642 3309 commixtas
675 3258 781 3308 monuit.
820 3259 942 3308 Videmus
969 3266 1050 3308 autem
1076 3259 1144 3308 idem
1171 3260 1251 3309 multo
1277 3269 1337 3310 ante
1363 3261 1389 3310 in

214 3366 298 3414 pugna
316 3349 476 3399 Marathonia
494 3349 562 3412 picta
580 3365 596 3397 a
614 3349 733 3398 Panaeno
752 3356 776 3398 et
795 3349 906 3397 Micone.
945 3347 1063 3415 (Pausau.
1084 3348 1146 3412 115,
1162 3361 1191 3412 3;
1215 3348 1248 3398 cf.
1266 3350 1388 3418 Purgold‚

214 3439 281 3487 arch.
306 3439 412 3502 Bemkg.
434 3455 457 3486 z.
479 3437 570 3486 Claud.
592 3454 616 3487 u.
638 3437 692 3486 Sid.
714 3439 764 3501 Ap.
787 3453 812 3501 p.
832 3439 867 3496 46
887 3439 938 3502 sq.)
959 3465 992 3474 -
1011 3438 1116 3487 Luciani
1145 3437 1214 3488 illam
1240 3439 1389 3504 descriptio·

215 3544 273 3576 nem
292 3528 375 3576 vivam
396 3529 477 3576 facere
495 3527 593 3591 optimo
612 3543 668 3576 cum
687 3534 777 3576 eventu
806 3526 897 3576 studuit
925 3528 1033 3577 Ioannes
1059 3527 1184 3578 Antonius
1210 3528 1285 3576 Bazzi
1309 3529 1391 3580 dictus

214 3617 326 3667 Sodoma
351 3618 391 3666 vel
415 3617 517 3666 meliore
543 3634 619 3683 quarn
645 3617 761 3680 Raphael
783 3617 874 3681 aliique
899 3617 1007 3681 pictores
1033 3618 1122 3668 aetatis
1147 3617 1313 3678 renascentis;
1352 3619 1387 3668 ct'.

213 3707 245 3756 R.
266 3708 388 3774 Foerster‚
408 3706 546 3755 Farnesina
565 3706 636 3756 Stud.
658 3722 684 3770 p.
709 3717 756 3768 103
776 3721 814 3770 sq.

321 3794 342 3863 1)
359 3796 474 3845 Eustath.
495 3796 575 3845 Hom.
596 3796 627 3845 Il.
648 3795 798 3859 XVlll493.

321 3882 342 3952 ²)
362 3887 458 3934 Anton.
479 3885 536 3933 Lib.
557 3885 644 3934 transf.
664 3884 751 3933 XXlll.

320 3972 342 4042 ³)
363 3975 431 4024 Serv.
454 3974 487 4022 ad
507 3973 583 4037 Verg.
604 3975 671 4023 Aen.
692 3973 773 4037 1651.

320 4061 343 4130 ⁴)
363 4064 432 4113 Serv.
454 4063 486 4112 ad
505 4063 582 4127 Verg.
603 4065 670 4113 Aen.
691 4064 723 4112 lV
734 4077 778 4127 99.

320 4151 342 4220 ⁶)
363 4153 431 4202 Serv.
452 4152 485 4201 ad
504 4152 579 4217 Verg.
601 4153 648 4201 ecl.
669 4152 774 4217 Vlll3o.

321 4241 343 4311 ⁶)
361 4243 438 4292 Hunc
456 4259 553 4292 versum
573 4243 682 4293 imitatus
710 4252 747 4294 est
773 4243 891 4293 Sidonius
909 4243 1072 4308 Apollinaris,
1094 4244 1168 4312 Rurg.
1194 4245 1269 4297 Pout.
1289 4245 1387 4298 Leout.

214 4350 238 4386 r.
260 4346 308 4398 33:
330 4333 447 4382 Dulce
474 4340 607 4382 natant
634 4333 736 4382 oculi
755 4330 801 4400 (sc.
822 4333 936 4402 Bacchi).

320 4418 342 4492 7)
360 4421 469 4490 Dionys.
490 4421 637 4484 XXXlll64
655 4437 694 4491 sq.
