2880 4920
703 267 922 322 „pn

220 439 362 512 ‘Quadrat
386 440 473 516 igitur
496 443 572 498 haec
596 443 815 517 progenerandi
839 443 883 500 vis
901 441 1013 517 optime
1038 443 1075 500 ad
1100 442 1270 517 nuptiarum
1287 443 1390 501 deum:
1435 439 1436 442 ’

224 545 347 606 minime
371 557 471 613 tamen
496 548 687 607 coniecturae
710 560 829 607 nostrae
854 550 971 608 sufficit.
1020 551 1094 607 Sunt
1116 548 1215 624 potius
1240 551 1393 607 afferenda

223 664 304 711 certa
328 664 511 729 argumenta,
526 655 778 735 quibusMartem
805 676 821 714 a
845 656 994 715 veteribus
1019 675 1086 714 cum
1110 656 1223 731 nuptiis
1250 657 1391 714 coniunc-

224 771 286 820 tum
310 780 375 820 esse
399 764 523 821 eluceat.

331 869 422 945 Atqui
447 888 482 927 ex
507 888 543 928 ea
566 888 606 940 re,
626 871 709 945 quod
726 871 807 928 Mars
831 871 908 928 filius
933 871 1090 930 dicebatur
1106 871 1240 940 Iunonis
1258 889 1393 928 summae

224 975 482 1034 matrimoniorum
506 977 592 1047 deae,
617 977 691 1034 nihil
716 977 799 1053 sequi
823 978 948 1035 videtur.
984 977 1053 1035 Alia
1072 996 1147 1036 vero
1171 996 1217 1036 res
1242 987 1286 1036 est
1311 980 1393 1053 quod

224 1083 274 1142 ille
298 1101 358 1141 una
381 1102 449 1141 cum
471 1085 589 1143 Iunone
614 1104 632 1142 a
655 1084 799 1142 matronis
823 1086 941 1143 Romae
965 1085 1138 1161 colebatur3
1154 1081 1178 1162 ¹)
1211 1085 1280 1142 licet
1312 1085 1393 1144 enim

225 1210 292 1249 eum
319 1192 534 1267 probabilitate
568 1193 701 1268 quadam
735 1193 873 1251 conicere
901 1194 982 1250 hunc
1010 1208 1095 1250 usum
1126 1192 1340 1268 antiquissimis
1377 1212 1393 1249 e

220 1297 427 1386 temporibuS,
461 1299 568 1375 quibus
603 1302 684 1358 Mars
717 1311 780 1358 erat
814 1300 887 1358 deus
918 1299 1104 1375 coniugaliS,
1139 1318 1204 1358 esse
1232 1309 1391 1356 servatum.

225 1408 333 1463 Postea
356 1407 431 1464 haec
466 1406 632 1483 coniugalis
664 1406 708 1464 vis
734 1408 773 1465 ad
799 1406 975 1464 Picumnum
999 1417 1028 1464 et
1051 1406 1230 1475 Pilumnum,
1257 1424 1331 1480 quos
1357 1426 1393 1463 ex

224 1513 321 1570 Marte
346 1522 427 1570 ortos
452 1531 517 1571 esse
541 1522 667 1582 constat,
684 1507 708 1590 2)
737 1514 837 1571 delata
861 1522 918 1586 est3
935 1515 1071 1571 Varrone
1085 1507 1109 1589 ³)
1133 1512 1212 1572 enim
1237 1523 1311 1570 teste
1337 1530 1394 1572 arrr-

225 1621 274 1681 tus·
297 1618 327 1680 si
350 1622 418 1680 erat
438 1617 547 1681 *vitalis
571 1638 608 1681 nc
630 1617 775 1681 sublatas
798 1618 838 1680 ab
863 1617 1033 1698 obstetrice,
1057 1617 1250 1682 statuebatur
1273 1617 1309 1678 in
1338 1621 1395 1678 ler-

224 1780 435 1787 ——-—-.

224 1884 311 1932 ergo
330 1885 452 1932 agrunr
477 1875 611 1916 terram
636 1867 860 1931 luridumque
889 1883 997 1936 mcum
1018 1866 1301 1915 suovetaurilia
1320 1867 1393 1914 eir-

224 1957 367 2022 cumagi
386 1957 500 2022 iussi,
521 1963 556 2005 ut
575 1964 609 2004 tu
637 1957 783 2004 morbos
803 1956 904 2004 visos
930 1955 1171 2021 invisosque,
1196 1955 1394 2004 viduerta·

223 2054 293 2095 tem
312 2045 682 2109 vastitudinemque‚
704 2044 1393 2108 calamitatesinternperiasquepro-

224 2135 407 2193 hibessis‚
450 2135 652 2202 defendas,
685 2150 1002 2198 averruncesque,
1040 2134 1169 2197 utique
1198 2142 1233 2181 tu
1268 2133 1394 2197 fruges

223 2225 408 2273 frumenta
443 2223 572 2273 vineta
609 2224 851 2288 virgultaque
888 2224 1066 2288 grandire
1101 2224 1268 2286 beneque
1304 2240 1392 2271 eve-

224 2313 303 2360 nire
331 2312 453 2379 sinas,
482 2321 865 2376 pastorespecuaque
885 2311 1213 2369 salvaservassis,
1236 2311 1393 2375 duisque

224 2403 354 2450 bonam
385 2402 543 2451 salutem
580 2402 917 2465 valetudinemque
952 2401 1040 2449 mihi
1077 2401 1181 2449 domo
1209 2400 1392 2449 familiae-

224 2508 289 2556 que
318 2499 479 2539 nostrae.
502 2519 533 2527 -
554 2491 701 2554 Hieronyrn.
731 2491 757 2539 d.
784 2490 829 2539 vit.
859 2497 923 2553 patr.
945 2490 1000 2550 127
1026 2491 1130 2541 Mars,
1162 2490 1393 2552 ..pecudum

224 2581 457 2644 aliarumque
484 2595 600 2627 rerum
620 2579 777 2643 cupidus
805 2578 1107 2627 inducitur—Ad
1127 2578 1233 2626 eandem
1252 2594 1304 2626 rein
1323 2595 1393 2642 spee-

224 2677 277 2719 tant
301 2670 454 2734 cognomina
488 2670 541 2718 dci:
570 2669 805 2733 Campestris
831 2669 916 2733 (inser.
941 2669 998 2716 Lat.
1027 2668 1104 2716 Orelli
1130 2684 1177 2715 nn.·
1207 2676 1281 2729 1355,
1315 2669 1392 2735 1356,

225 2759 318 2826 3496.)
338 2767 362 2807 et
381 2759 558 2808 Silvanus
577 2759 647 2824 (Cat.
669 2759 695 2806 d.
717 2774 736 2806 r.
758 2775 777 2806 r.
799 2773 854 2822 cap.
877 2755 931 2824 83).
974 2757 1071 2805 Idcirco
1091 2758 1159 2805 Mars
1187 2756 1262 2804 etiam
1283 2773 1297 2805 a
1315 2757 1393 2805 fratri-

224 2850 269 2897 bus
288 2849 413 2897 arvalibus
432 2849 542 2897 carmine
561 2849 731 2905 invocabatur,
755 2856 781 2896 ut
800 2847 912 2912 frugibus
927 2827 1027 2895 ¹bonum
1047 2855 1164 2894 eventum
1184 2847 1264 2894 daret.
1304 2846 1394 2894 Merito

224 2930 306 2987 autem
333 2956 347 2987 a
372 2939 421 2986 deo
447 2937 510 2986 veris
536 2937 630 2985 mensis
650 2937 702 3004 ille,
725 2952 775 3000 quo
795 2936 902 2984 rnaxime
921 2944 999 2983 terrae
1026 2934 1219 2998 animaliumque
1238 2934 1395 2997 regeneratio

224 3028 337 3086 cernitur,
359 3028 501 3075 nominatus
520 3034 586 3082 erat;
609 3025 704 3074 scilicet
722 3025 844 3073 Martio
863 3041 949 3073 mense
968 3024 1055 3090 (Ovid.
1076 3025 1145 3072 Fast.
1167 3022 1275 3089 Illz35)

278 3117 487 3165 Arboribus
514 3115 671 3163 redeunt
699 3115 882 3162 detonsae
912 3113 1056 3177 frigore
1084 3112 1257 3170 frondes,

278 3206 490 3270 Vividaque
518 3223 532 3253 e
560 3213 692 3254 tenero
720 3203 877 3268 palmite
905 3219 1041 3266 gemma
1070 3210 1202 3269 tumet,

279 3285 454 3360 Quaeque
482 3295 542 3343 diu
569 3295 686 3343 latuit
712 3309 806 3342 nunc
833 3308 868 3341 se
896 3308 964 3356 qua
992 3291 1109 3340 tollat
1137 3292 1172 3339 in
1199 3307 1306 3339 auras

279 3385 631 3434 Fertilisoccultas
659 3383 809 3432 invenit
835 3382 948 3430 herba
976 3380 1072 3429 vias:

279 3475 379 3523 Nunc
407 3474 590 3523 fecundus
619 3489 722 3540 ager,
752 3473 902 3536 pecoris
930 3486 1023 3520 nunc
1050 3470 1139 3518 hora
1167 3470 1337 3529 creandi,

278 3565 380 3613 Nunc
407 3564 488 3612 avis
515 3563 549 3610 in
579 3579 675 3611 ramo
705 3569 807 3610 tecta
834 3561 1022 3623 laremque
1049 3566 1164 3622 parat.

250 3685 255 3696 ·
333 3651 353 3720 1)
374 3654 450 3702 Ovid.
471 3654 540 3702 Fast.
562 3652 660 3714 111169

298 3745 378 3792 Cum
407 3744 459 3792 sis
488 3742 659 3798 officiis,
692 3741 876 3807 Gradive,
907 3739 1087 3787 virilibus
1116 3744 1241 3802 aptus,

297 3834 364 3881 Dic
391 3833 499 3901 mihi,
529 3840 722 3882 matronae
750 3847 809 3880 cur
836 3838 896 3879 tua
924 3829 1022 3878 festa
1050 3828 1189 3877 colant.

226 3942 251 3972 v.
275 3924 322 3984 761

262 4014 379 4060 Mater
407 4020 501 4060 amat
529 4017 680 4074 nuptas:
713 4009 843 4057 matris
870 4025 919 4057 me
947 4008 1054 4056 turba
1082 4006 1346 4073 frequentant,

263 4103 362 4150 Haec
390 4117 453 4149 nos
481 4100 685 4165 praecipue
713 4107 782 4148 tarn
809 4097 870 4161 pia
898 4112 1007 4145 causa
1035 4095 1154 4143 decet.

334 4187 357 4256 Ἃ)
377 4191 417 4238 Cf.
438 4190 537 4248 Preller,
561 4194 622 4237 ro'm.
644 4188 725 4250 Myth.
746 4203 772 4250 p.
794 4199 855 4250 331.

231 4277 235 4286 ’
295 4289 303 4306 s
334 4277 356 4346 ³)
376 4279 452 4343 Apud
475 4280 543 4328 Non.
574 4278 688 4327 Marcell.
719 4293 745 4341 p.
776 4277 841 4340 5183
879 4275 911 4324 cf.
942 4274 1010 4322 Serv.
1048 4272 1081 4321 ad
1117 4273 1193 4336 Verg.
1222 4273 1288 4320 Aen.
1328 4274 1398 4334 >476

229 4372 343 4420 Varro
372 4370 576 4418 Pilumnum
604 4367 866 4416 etPicumnum
894 4363 1099 4412 infantium
1127 4362 1217 4410 deos
1244 4377 1324 4410 esse
1345 4363 1400 4415 ait

229 4461 358 4525 eisque
386 4475 450 4524 pro
478 4473 660 4522 puerpera
687 4457 823 4505 lectum
851 4455 885 4503 in
914 4453 1012 4502 atrio
1040 4453 1160 4501 sterni
1180 4460 1227 4501 etc.
