2880 4920
174 1269 341 1339 Tenebrae,
375 1268 483 1343 quibus
516 1269 700 1327 Graecorum
730 1269 998 1344 Romanorumque
1028 1266 1235 1344 coniugiorum

64 1376 173 1433 notitia
197 1377 290 1433 multa
314 1395 367 1451 per
390 1377 511 1433 saecula
542 1376 649 1432 obruta
681 1375 816 1446 iacebat,
849 1385 951 1433 nostra
981 1376 1102 1434 demum
1138 1387 1236 1434 aetate

65 1501 183 1539 summa
218 1482 374 1538 doctorum
411 1481 540 1538 virorum
573 1500 665 1557 opera
704 1483 868 1563 paullulum
903 1493 971 1540 sunt
1005 1493 1173 1540 summotae
1207 1494 1237 1542 et

65 1587 200 1646 diffusae.
249 1590 363 1646 Multae
386 1600 488 1646 tamen
513 1607 683 1646 remansere
708 1607 753 1647 res
777 1589 939 1664 praecipue
964 1589 1150 1647 Graecorum
1175 1609 1236 1648 ma-

64 1697 271 1753 trimoniorum
297 1693 335 1754 ad
359 1697 439 1753 hunc
463 1715 557 1771 usque
581 1695 661 1754 diem
683 1696 818 1754 nondum
835 1697 907 1754 satis
924 1697 1099 1772 explicatae.
1141 1698 1235 1756 Haud

63 1804 124 1861 alia
158 1823 217 1878 qua
250 1801 392 1880 coniugia
425 1804 557 1879 nuptiae,
590 1804 694 1861 limina
729 1803 814 1878 quasi
850 1803 1119 1876 matrimoniorum,
1162 1823 1234 1863 usae

64 1922 132 1968 sunt
156 1913 291 1989 fortuna3
315 1908 461 1970 habemus
486 1911 599 1969 scilicet
622 1912 784 1970 nonnullos
808 1912 901 1998 libros
925 1911 963 1970 de
988 1912 1092 1970 ritibus
1115 1903 1232 1987 nuptia·

64 2016 142 2075 lilius
167 2015 364 2093 conscriptos,
390 2017 428 2076 de
452 2019 568 2094 origine
593 2028 691 2076 autem
716 2038 819 2077 eorum
844 2038 880 2077 ac
903 2020 931 2076 vi
955 2038 1053 2095 pauca
1070 2020 1235 2078 admodum

63 2137 146 2183 certa
170 2125 289 2183 scimus¹

171 2232 287 2290 Eadem
311 2246 356 2289 res
382 2231 479 2290 estin
503 2231 560 2302 dis,
586 2231 637 2306 qui
662 2243 797 2290 auctores
820 2249 1042 2307 sponsoresque
1064 2233 1234 2308 nuptiarum
1305 2296 1310 2306 ‚

64 2359 82 2396 a
106 2339 254 2397 veteribus
279 2339 534 2410 existimabantur,
567 2337 596 2395 in
621 2335 800 2412 Hymenaeo
836 2350 865 2396 et
888 2340 1023 2398 Talasio,
1070 2339 1116 2398 Ac
1150 2336 1235 2398 multi
1324 2365 1326 2372 ·

64 2446 186 2520 ‹pridem
210 2445 248 2503 de
273 2446 308 2503 iis
332 2444 465 2504 fecerunt
488 2447 590 2514 verba,
616 2446 704 2522 pauci
729 2457 838 2517 autem,
854 2457 885 2505 ut
908 2447 996 2505 nobis
1020 2446 1147 2518 videtur,
1173 2466 1236 2506 rem

63 2551 189 2610 feliciter
213 2564 384 2611 tractarunt.
397 2550 420 2630 ¹)
466 2554 576 2610 Nostra
600 2553 680 2611 enim
704 2553 848 2630 opinione
872 2554 987 2613 Talasii
1011 2565 1126 2613 tantum
1151 2555 1235 2631 origo

62 2672 229 2736 naturaque
253 2671 333 2719 recte
356 2673 513 2736 perspecta
537 2672 581 2720 est
605 2680 622 2718 a
646 2662 786 2720 Prellero
834 2661 875 2720 At
907 2681 975 2719 curn
1003 2662 1053 2720 hic
1083 2659 1235 2737 opinionis

62 2787 135 2825 sirac
159 2768 291 2842 speciem
315 2777 343 2826 et
367 2768 492 2825 formam
517 2767 694 2826 brevissima
718 2769 915 2828 annotatione
939 2769 1171 2840 adumbraverit,
1196 2769 1235 2828 de

63 2879 243 2950 Hymenaeo
278 2894 348 2933 vero
382 2895 460 2950 quae
494 2876 604 2934 tradita
639 2886 715 2946 sunt,
754 2877 878 2934 omnino
913 2893 976 2935 non
1007 2876 1066 2934 sint
1096 2887 1234 2935 accurate

61 2984 242 3043 collectaet
266 2983 445 3053 examinata,
470 3001 581 3041 novam
604 2983 643 3042 de
667 2993 793 3059 utroque
817 2983 875 3042 deo
911 2982 1119 3059 quaestionem
1154 2983 1234 3042 insti·

61 3100 177 3147 tuentes
202 3108 263 3147 rem
288 3090 369 3149 haud
392 3091 529 3149 inutilem
553 3089 642 3147 nobis
666 3091 790 3167 aggredi
814 3091 958 3150 videmur.

168 3199 301 3272 Agemus
326 3208 423 3255 autem
460 3198 509 3255 de
544 3197 612 3255 dis
648 3197 942 3277 nuptialibus
974 3198 1015 3256 ita
1045 3197 1177 3273 quidem,
1202 3207 1233 3257 ut

59 3304 158 3379 primo
184 3305 251 3362 loco
278 3307 434 3362 afferamus
460 3306 629 3363 fabulas
660 3305 708 3364 de
737 3306 787 3363 iis
812 3326 830 3364 a
853 3305 1073 3364 veteribus
1097 3305 1231 3364 tradi·

59 3422 143 3478 tas,
169 3411 280 3468 deinde
304 3430 488 3485 exponamus
518 3411 686 3469 deorum
718 3405 924 3487 originem
956 3420 994 3468 et
1022 3422 1230 3483 naturam,

58 3517 192 3591 denique
215 3518 374 3592 loquamur
396 3519 434 3576 de
458 3537 596 3575 eorum
621 3518 888 3593 imaginibus.

169 3781 187 3849 ¹)
209 3784 311 3839 Kohler,
333 3784 436 3846 eclogae
455 3783 579 3832 archaeol.
602 3783 634 3831 de
650 3784 726 3846 Hym.
748 3792 773 3832 et
785 3783 871 3838 Talas.
885 3783 1000 3833 Lubecae
1025 3794 1106 3846 1757;
1124 3784 1229 3834 Schnei-

56 3875 152 3937 dewin,
173 3874 264 3922 Rheiu.
287 3875 351 3922 Mus.
373 3875 397 3921 II
417 3890 442 3936 p.
468 3875 516 3922 116
536 3889 585 3938 sq,;
614 3874 740 3940 Hartung,
761 3874 845 3936 Relig.
865 3874 892 3922 d.
913 3874 988 3927 Riim.
1009 3874 1034 3922 Il
1053 3889 1078 3937 p,
1105 3884 1155 3936 245
1174 3890 1225 3939 sq,;

56 3965 139 4029 Rode,
161 3963 253 4011 (leselr.
274 3963 300 4010 (l.
322 3962 366 4024 lyr.
389 3963 493 4010 Dichtk.
514 3963 540 4011 d.
562 3962 630 4011 Heu.
652 3963 673 4030 Ι,
688 3971 714 4024 5;
739 3963 885 4011 Baurnstark
908 3962 934 4010 in
950 3962 1035 4024 Paulyi
1054 3963 1085 4012 R.
1102 3963 1132 4017 Ε,
1162 3979 1182 4018 s,
1202 3979 1226 4012 v.

56 4054 151 4116 Hyan,
176 4052 429 4102 Rossbach.l'1rters.
451 4053 494 4099 iili.
516 4056 578 4099 rbm.
600 4052 655 4099 Ehe
673 4067 716 4114 pp,
736 4063 796 4113 330,
819 4060 869 4114 345
890 4056 1045 4114 sq.—-rdrn.
1061 4051 1219 4110 Ehedkmlr.,

56 4143 165 4206 paesium
191 4141 321 4204 llusclrke,
351 4156 402 4188 osc.
429 4157 454 4188 rr.
483 4140 571 4188 sabell.
594 4140 782 4203 Sprachdkmlr.
821 4140 882 4187 Sub.
907 4139 946 4189 tit.
963 4140 1013 4195 IV;
1039 4140 1160 4200 Welclcer,
1184 4158 1222 4204 gr.

56 4232 165 4279 (lotterl.
187 4232 223 4277 lll
244 4247 285 4293 pp.
311 4240 357 4292 195
378 4238 403 4278 et
428 4230 713 4296 233;Merck1in,1n‹1.
734 4230 814 4279 sclrol.
832 4230 937 4292 llorpat.
963 4229 1029 4277 1860
1050 4247 1073 4294 p,
1097 4243 1142 4288 14;
1166 4230 1222 4279 Dil-

55 4322 125 4386 tlrey,
153 4321 247 4367 Annal.
275 4320 301 4373 ri,
321 4321 381 4368 lust.
408 4321 458 4367 vol.
484 4320 552 4385 XLI,
580 4319 721 4382 sarcosaghi
750 4320 775 4367 di
802 4319 895 4368 Medea
922 4335 946 4382 p¹
967 4332 1019 4367 22.·
1041 4335 1097 4382 sq.;
1127 4320 1225 4385 Preller,

54 4429 93 4473 gr.
117 4410 222 4471 llyrhul.
245 4410 267 4456 ll
288 4426 312 4471 p
334 4419 383 4471 245
399 4426 436 4473 sq,
458 4437 489 4445 -·
509 4414 562 4456 riim
594 4409 700 4471 Mythol.
722 4409 747 4456 ll
766 4425 790 4472 p,
811 4409 871 4457 216.

915 4509 924 4544 1
