2880 4920
705 261 926 332 *⁶4*

225 473 285 532 quo
309 457 371 516 iure
394 453 519 516 fecerint
541 456 719 526 videbimus
737 455 762 513 si
786 456 1003 532 epigrammata
1019 456 1168 533 quaedam
1193 456 1257 515 eius
1281 454 1401 533 generis

224 564 450 640 inspexerimus.
497 565 587 622 Anth.
613 565 675 622 Pal.
700 565 836 621 V11188

332 707 375 714 -
398 661 483 735 α’λλοέ
507 686 590 747 τεοῖς
613 665 798 750 θαλάμοισι
820 669 1017 753 γαμοσιόλος
1041 670 1100 754 οὐχ
1122 663 1292 755 Ὑμέναιος

332 768 390 844 aeid
404 771 506 864 Ἥρης
531 780 638 863 ζονίης
662 772 839 860 λαμπάδες
861 777 1031 860 ἠντίασαν.

331 890 495 968 πένθιμος
518 873 590 948 a’tt’
615 882 721 968 Ἀΐδης
745 877 966 967 ἐπεκώμασεν,
993 882 1078 967 ἀμφὶ
1103 883 1130 948 δ’
1154 879 1278 971 Ἐρινύς

331 1002 451 1076 φοίνιος
474 990 510 1056 ἐκ
535 990 704 1073 στομάτων
726 989 885 1077 μόρσιμον
907 981 985 1075 ἧκον
1009 985 1085 1054 ὅπα.

225 1101 317 1159 Anth.
342 1102 405 1158 Pal.
431 1101 564 1175 V11547

332 1242 374 1249 -
398 1241 441 1248 ·-
465 1241 507 1248 -
530 1215 702 1269 κατίστινε
725 1204 752 1269 δ’
778 1204 837 1288 οὐχ
860 1205 1029 1294 Ὑμεναίῳ,

332 1313 401 1377 ἀλλ’
425 1303 518 1403 {nup
543 1308 675 1397 νύμφαν
700 1309 874 1378 (indendam
896 1308 1058 1394 κατάγων.

223 1425 314 1482 Anth.
339 1423 402 1481 Pal.
427 1424 561 1498 VII492

685 1565 727 1572 —
750 1563 792 1572 -
817 1529 885 1595 οὐδ’
909 1525 1080 1612 Ὑμέναιον

228 1632 234 1645 ”
331 1646 469 1720 νυμφίον
494 1636 556 1700 aa).
590 1635 701 1721 Ἀΐδην
723 1636 873 1720 κηδεμόν’
899 1631 1077 1722 εὑρόμεθα.

224 1745 314 1802 Anth.
340 1746 403 1803 Pal.
428 1747 472 1802 IX
488 1761 545 1822 245

329 1850 508 1938 δασμοίριον
532 1846 700 1935 θαλάμων
723 1850 778 1915 ἐπὶ
802 1850 970 1916 παστάσιν
993 1840 1053 1933 οὔχ
1076 1851 1253 1934 Ὑμέναιος,

330 1958 399 2022 ἀλλ’
424 1958 530 2043 Ἀΐδης
554 1956 628 2044 ἔστη
653 1954 856 2045 πικρογοίμοο
878 1953 1037 2043 Πετάλης.

329 2067 452 2143 Ubique
475 2067 564 2144 igitur
586 2069 780 2142 Hymenaeus
803 2066 923 2125 Plutoni
947 2067 1118 2144 opponitur,
1142 2085 1205 2125 non
1228 2066 1280 2124 ille
1310 2085 1401 2143 spon·

224 2193 288 2233 sam
313 2175 352 2234 ad
383 2175 494 2233 inferos
528 2175 659 2245 deducit,
691 2175 746 2234 sed
778 2174 843 2251 ipse
875 2175 1047 2232 umbrarum
1079 2174 1219 2233 dominus
1250 2174 1400 2251 virginem

170 2270 178 2309 ‘¹
224 2281 309 2357 rapit.
358 2283 517 2356 Quaenam
542 2300 614 2358 ergo
639 2301 731 2340 causa
753 2281 880 2340 inveniri
903 2291 1011 2357 potest,
1037 2300 1090 2340 cur
1113 2283 1327 2355 Hymenaeum
1350 2301 1399 2359 ge·

223 2389 306 2446 nium
328 2398 466 2464 putemus
489 2389 677 2450 inferorum?
700 2390 792 2448 Nulla
815 2407 887 2448 sane
910 2386 1096 2465 probabilis!

329 2497 369 2554 At
393 2514 461 2554 cum
485 2497 515 2554 in
547 2497 725 2574 anaglyphis
755 2497 865 2555 nostris
894 2497 1061 2555 habeamus
1091 2496 1210 2572 nuptias
1240 2496 1398 2568 infaustas,

222 2602 283 2662 iam
307 2604 511 2678 quaerendum
536 2614 589 2675 est,
615 2623 675 2680 quo
700 2604 792 2663 modo
816 2606 1022 2679 Hymenaeus,
1047 2604 1123 2662 haec
1146 2604 1170 2662 si
1202 2613 1266 2662 erat
1300 2622 1398 2662 rerum

222 2710 369 2780 eonditi0,
387 2711 490 2787 egerit.
509 2711 601 2770 Cuius
626 2712 668 2771 rei
693 2712 791 2771 facilis
814 2723 844 2771 et
859 2721 1000 2788 prompta
1015 2721 1060 2771 est
1076 2708 1272 2771 diiudicatio:
1298 2710 1399 2769 videa·

222 2836 287 2876 mus
312 2817 465 2889 Ovidium,
491 2819 618 2879 Heroid.
643 2820 739 2896 VI45

328 2920 378 2986 Aa
400 2921 482 2985 miin‘
503 2943 559 2987 nea
581 2922 674 3005 Inna,
697 2943 754 2988 nee
776 2922 915 3006 Hymen,
938 2922 996 2986 sed
1018 2922 1120 2985 tristis
1141 2920 1292 3004 Erinnys

328 3028 489 3093 Praetulit
509 3027 673 3110 infaustas
695 3030 941 3114 sanym'nolenta
960 3029 1059 3111 faces.

223 3140 350 3198 Heroid.
375 3142 449 3197 XIV
465 3158 500 3213 27

336 3241 455 3328 Vulyus
477 3241 606 3326 Hymen
629 3243 813 3327 Hymenaee
834 3250 968 3310 nocant:
983 3244 1076 3328 fuyr't
1096 3243 1152 3307 itte
1173 3247 1330 3326 adeuntes,

328 3351 408 3433 Ipsa
430 3350 519 3415 Ιοοίο
542 3353 681 3416 coninua
704 3353 797 3416 cessit
819 3353 859 3416 ab
883 3352 960 3416 urbe
984 3371 1051 3416 suu.

222 3465 346 3524 Metam.
371 3465 415 3521 VI
429 3465 492 3536 428

810 3565 886 3666 Nun
902 3565 1054 3647 pronuba
1077 3564 1170 3646 Inna,

328 3673 404 3739 Non
426 3673 632 3756 Hymenaeus
655 3673 753 3757 adest,
776 3693 841 3738 non
864 3670 917 3736 tm
944 3671 1063 3737 Gratia
1088 3671 1183 3737 teau:

329 3781 526 3846 Eumenides
548 3787 688 3847 strauere
712 3787 813 3846 tarum
838 3784 890 3844 et.

222 3895 302 3953 Fast.
328 3894 358 3951 II
395 3896 432 3952 61
495 3917 498 3922 ’

334 3909 439 4062 Oosnde
464 4001 535 4059 tuas
556 3995 740 4083 Hymenaee
756 3994 851 4080 sams
874 4000 904 4060 et
925 3995 965 4059 ab
989 3994 1120 4079 iynibus
1143 3995 1225 4058 atris

329 4102 455 4186 Auser:
479 4101 596 4168 habent
617 4103 702 4167 alias
724 4107 845 4168 maesta
868 4102 1013 4186 sepulum
1031 4101 1129 4186 faces.
1146 4100 1168 4191 ¹)

224 4266 435 4281 μ’

330 4371 350 4441 1)
370 4371 412 4423 Cf.
432 4372 508 4421 etiam
527 4372 631 4421 Metam.
654 4372 688 4420 IX
699 4371 749 4434 762
768 4387 807 4436 sq.
828 4371 890 4421 Her.
911 4371 1031 4433 XX1163
1051 4384 1107 4434 sq.;
1130 4370 1242 4432 Propert.
1270 4369 1293 4416 V
1304 4381 1332 4438 3,
1347 4369 1394 4427 163

223 4466 287 4516 Stat.
309 4464 392 4513 Theb.
414 4463 481 4524 V71
502 4478 541 4526 sq.
