2880 4920
550 240 770 312 -35-

175 432 310 490 Isidorus
334 433 466 490 labulam
491 453 526 491 ex
549 432 626 490 libro
651 433 690 490 de
712 431 781 490 viris
806 433 967 490 illustribus
990 431 1098 504 hausit,
1123 429 1240 489 addidit

61 558 134 596 vero
160 557 226 596 non
251 549 408 597 contentus
431 540 535 597 fabula
557 540 737 597 verbotenus
760 539 912 615 descripta
932 539 1084 614 quaedam
1108 538 1147 596 ab
1171 537 1238 612 ipso

61 647 193 704 inventa
217 644 352 719 (oraculo
376 641 602 721 responsum).¹)
635 647 784 705 Urebatur
806 646 867 714 illa,
892 657 924 704 ut
946 665 1052 705 vocem
1074 645 1238 704 thalamum

61 754 232 829 explicaret
279 754 435 811 Habemus
470 753 559 828 igitur
592 754 725 811 fabulam
754 771 816 810 non
840 772 954 828 puram,
980 754 1034 812 sed
1057 761 1237 827 corruptam,

59 861 88 918 in
115 880 183 936 qua
206 878 269 918 non
292 839 337 918 est
361 879 413 918 cur
434 860 545 918 diutius
561 879 797 919 commoremur.

174 970 264 1026 Haec
287 969 390 1026 sabula
419 968 458 1026 de
482 967 605 1026 Talasio
641 987 713 1026 sane
746 967 968 1044 simplicissima
991 979 1044 1028 est.
1102 969 1142 1024 At
1175 984 1238 1024 non

58 1094 170 1134 omnes
198 1076 228 1132 in
252 1075 297 1146 iis,
323 1094 401 1150 quae
424 1077 514 1151 vulgo
536 1076 748 1146 tradebantur,
781 1076 1002 1151 acquieverunt,
1034 1075 1088 1133 sed
1115 1073 1237 1150 ingenio

57 1183 234 1258 studiisque
256 1183 322 1240 freti
346 1182 492 1258 originem
515 1183 598 1240 vocis
615 1183 900 1258 consuetudinisque
925 1183 1010 1242 aliter
1023 1181 1174 1257 'explicare
1189 1199 1237 1239 co·

57 1290 123 1347 nati
148 1299 231 1348 sunt.
279 1292 349 1364 Quo
373 1291 404 1347 in
426 1308 552 1348 numero
576 1290 735 1348 Plutarcho
760 1300 834 1348 teste
848 1284 872 1367 2)
896 1301 959 1349 erat
983 1289 1139 1349 Sextius
1163 1287 1237 1346 Sul·

54 1397 95 1454 la
122 1397 385 1472 Carthaginiensis
420 1391 495 1462 orire
528 1400 658 1478 μουσῶν
690 1390 762 1461 oilae
796 1405 937 1483 χαρίτων
970 1390 1104 1479 irride-aie
1144 1383 1234 1478 οἷνήρ.

57 1505 120 1562 Hic
163 1504 247 1562 enim
278 1506 437 1562 Plutarcho
467 1505 600 1564 dixerat:
636 1499 688 1567 ὅτι
722 1507 778 1586 τῆς
810 1501 962 1589 ἁρπαγῆς
990 1497 1146 1587 σύνθημα
1176 1497 1237 1583 τήν

55 1606 177 1694 φωνήν
200 1606 300 1674 ἔδωκε
322 1606 447 1695 ταύτην
472 1611 489 1674 ὁ
513 1610 680 1694 Ῥωμύλος.
709 1607 856 1686 ἅπαντες
880 1601 938 1676 οὖν
961 1605 1066 1686 ἐβόων
1087 1604 1148 1672 οόν
1176 1611 1236 1671 Τοι-

54 1713 185 1781 λοὶσιον
210 1721 239 1780 οἱ
262 1714 320 1789 τοὶς
334 1723 524 1805 παρθένους
540 1719 739 1800 κομίζοντες
756 1727 812 1782 καὶ
837 1717 891 1782 droi
915 1723 1009 1783 τοῦτο
1033 1730 1098 1791 τοῖς
1120 1709 1237 1796 γάμοις

53 1833 274 1912 παραμένειν
297 1823 333 1888 τό
358 1821 444 1908 ἔθος.
473 1861 516 1868 -
541 1829 634 1884 Hunc
656 1828 755 1885 locum
781 1820 992 1903 Huschkius³)
1016 1825 1058 1884 ita
1090 1822 1234 1898 explicat:

52 1931 120 1993 (lert
153 1929 426 2012 ursprir'rrglieheu
460 1930 543 1994 Sirra
574 1931 629 1994 der
652 1930 733 2013 Supe
769 1930 840 2012 truf
870 1930 946 1994 ulier
973 1929 1088 2012 pervisa
1109 1925 1237 1991 Sextiam

52 2036 157 2100 Sallu
181 2056 242 2098 urus
269 2034 449 2121 Ourtlutgro:
469 2038 626 2103 Rourulus
649 2039 728 2103 liobe
752 2039 811 2102 deu
827 2037 943 2103 Sabaea
958 2036 1074 2121 Befehl
1093 2035 1236 2119 gegeben,

53 2143 144 2208 heim
169 2143 283 2206 Rutilia
307 2144 480 2208 Turannius
502 2146 705 2229 uusaurnfnn,
728 2168 782 2210 aar
811 2146 955 2210 adnrliclr
978 2143 1048 2228 'auf
1076 2144 1144 2207 eine
1176 2143 1236 2206 dm

53 2251 302 2314 Subtrtertrmea
324 2253 556 2316 turstr'iudlr'elre
585 2253 688 2318 Weise
712 2255 758 2317 sie
780 2274 819 2318 au
841 2252 1029 2333 versicheru,
1054 2251 1130 2314 dass
1160 2270 1237 2312 otuu

52 2360 103 2422 sie
129 2357 280 2421 ariolatio
306 2359 395 2422 bdser
417 2359 561 2442 Absiolrt
586 2366 665 2424 elwa
687 2382 741 2423 um
764 2362 810 2425 sie
831 2381 872 2424 ομ
895 2359 1088 2424 Saloninum
1110 2377 1150 2422 ομ
1170 2377 1235 2420 rriu-

53 2466 157 2546 clrerr,
181 2466 322 2547 reuben,
357 2467 495 2530 suadeta
528 2469 574 2530 sie
595 2487 652 2530 aur
674 2467 744 2531 Ere
775 2468 908 2531 richmere
939 2465 1035 2530 roella
1071 2503 1113 2511 -
1148 2470 1235 2527 Haec

55 2588 163 2635 autern
190 2575 220 2632 in
244 2578 394 2635 Plutarchi
418 2578 515 2635 verbis
539 2598 601 2636 non
624 2579 734 2648 insunt,
760 2598 942 2654 quamquam
965 2595 1077 2653 negare
1090 2577 1233 2637 nolumus

56 2683 200 2743 Sextium
225 2685 338 2741 Sullam
365 2686 489 2742 fortasse
513 2687 570 2743 hac
594 2687 632 2744 de
657 2706 687 2744 re
711 2687 868 2762 cogitasse.

170 2791 230 2849 Alii
256 2811 290 2849 ac
314 2793 448 2868 plerique
472 2793 594 2868 quidem
612 2794 766 2851 Talasium
790 2813 895 2852 vocem
919 2804 948 2851 et
971 2791 1140 2868 nuptiarum
1163 2809 1233 2847 con·

55 2887 252 2958 suetudinem
276 2899 549 2975 etynrologice
574 2900 722 2976 explicare
746 2892 929 2959 studuerunt.
969 2898 1160 2974 Repetebant
1184 2915 1232 2955 au·

56 3018 120 3065 tem
156 3025 263 3064 vocem
295 3027 313 3064 a
345 3008 464 3065 Graeco
493 3002 706 3094 τάλαρον,
738 3027 816 3083 quae
848 3006 1032 3082 etymologia
1063 3005 1123 3063 iam
1151 3004 1231 3079 apud

55 3118 233 3174 Varronem
250 3115 408 3190 reperitur.

170 3222 274 3278 Festus
298 3241 321 3282 s,
346 3242 372 3279 v.
399 3223 608 3282 Talassionem
633 3244 662 3298 p.
689 3239 769 3298 351:
798 3219 1016 3281 Tit-iussionem
1042 3217 1075 3279 t'rt
1109 3215 1232 3296 arrepti-is

62 3326 171 3390 Varro
196 3326 247 3388 uit
269 3326 396 3409 sr'puruu
421 3347 485 3389 esse
509 3327 653 3410 liruifieii,
677 3325 820 3417 τάλαρον
855 3326 891 3388 οἰῑ
913 3330 958 3389 est
979 3322 1160 3404 arioaldum,
1184 3323 1230 3385 iu·

60 3561 275 3570 ’.ῳ-ῃ.

56 3723 133 3789 cuin
164 3738 326 3787 Sabinae
369 3746 604 3802 raperentur,
637 3757 705 3788 una
732 3737 1023 3802 elegantissima
1055 3733 1225 3791 exstitit,

56 3845 168 3895 quarn
198 3829 238 3876 ab
267 3829 421 3877 oraculo
450 3829 630 3878 Talassio
658 3829 741 3878 duci
771 3842 987 3891 responsum
1014 3824 1228 3873 estrlariab

58 3920 137 3985 his,
171 3918 231 3981 qui
261 3918 437 3967 feliciter
473 3919 571 3967 actis
606 3919 751 3983 nuptiis
788 3917 958 3966 Talassii
990 3916 1136 3966 nomine
1173 3914 1228 3963 usi

57 4017 155 4057 sunt.
195 4007 402 4057 Hoeetiarn
431 4009 524 4072 apud
553 4009 775 4073 Aegyptios.

172 4094 193 4162 ¹)
213 4097 253 4144 Cf.
274 4098 466 4157 Hildesheimer,
489 4098 507 4147 l.
529 4099 547 4147 l.
569 4116 595 4162 p.
619 4109 660 4162 51.

170 4183 192 4251 ²)
211 4187 312 4235 Romul.
333 4189 390 4235 XV.

170 4271 192 4339 ³)
212 4274 375 4324 Osa-sabell.
397 4278 583 4341 Sprachdkmlr.
605 4279 644 4326 tit.
668 4277 715 4335 lV;
745 4277 842 4326 Similia
861 4277 1014 4341 Hartungius
1038 4276 1078 4328 de,
1094 4291 1155 4324 voce
1184 4274 1228 4325 illa

59 4367 169 4416 sensisse
189 4364 294 4434 videtur,
316 4367 407 4416 Philol.
428 4370 466 4416 llI
485 4385 510 4432 p.
533 4369 595 4432 238:
619 4369 747 4418 dieser
764 4367 965 4416 Rufsollte
984 4367 1043 4414 die
1063 4366 1226 4416 Weinerr·

59 4461 128 4509 den
158 4461 313 4506 trosten.
