2880 4920
701 259 919 328 -82-

331 469 377 523 Ac
401 453 519 527 videtur
547 469 643 543 primo
673 477 795 542 aspectu
826 478 942 525 tantum
972 468 1053 543 prior
1086 467 1293 543 explicationis
1327 486 1395 541 pars

224 557 343 630 fluxisse
366 592 383 631 e
406 576 562 646 Varrone;
586 575 643 632 hoc
667 593 738 632 vero
762 575 831 631 loco
855 585 1030 647 comparato
1055 592 1122 631 cum
1147 573 1191 642 iis,
1210 592 1289 648 quae
1313 575 1396 649 apud

224 677 419 737 Plutarchum.
439 681 577 756 leguntur
601 681 639 737 de
663 679 786 737 Talasio
812 680 920 738 eodem
944 698 1012 754 quo
1029 680 1111 755 aprrd
1146 682 1266 739 Festum
1296 699 1394 739 rerum

224 786 339 856 ordine,
364 787 452 844 facile
477 786 669 861 intelligimus
694 785 784 843 ctiam
810 787 933 843 alteram
963 797 1078 862 partem
1111 805 1128 845 e
1160 789 1298 845 Varrone
1330 806 1396 845 esse

223 904 383 969 sumptam.
401 890 424 971 ¹)
478 894 667 952 Plutarchum
705 894 785 951 enirn
818 913 871 969 per·
904 895 1011 952 Iubam
1046 913 1146 970 regem
1182 895 1394 953 Mauretaniae

223 998 369 1059 Varronis
392 1001 485 1059 libros
510 1002 548 1060 de
573 1001 800 1076 antiquitatibus
825 1001 1015 1075 exscripsisse
1039 1011 1158 1076 praeter
1181 1002 1257 1059 alios
1281 1003 1396 1060 Barthi

224 1101 296 1185 usff)
312 1108 357 1165 vir
380 1108 580 1178 doctissimus,
599 1128 688 1183 quem
705 1117 895 1183 praematura
918 1119 1012 1166 morte
1028 1108 1131 1167 litteris
1149 1120 1289 1185 ereptum
1306 1110 1398 1168 valde

223 1216 369 1291 lugemus)
395 1225 424 1273 et
450 1216 625 1274 Glaesserus
640 1209 664 1293 3)
688 1209 869 1293 Heerenii4)
899 1215 1025 1292 vestigia
1058 1215 1151 1273 secuti
1181 1216 1314 1274 dilucide
1345 1216 1397 1275 de·

222 1333 431 1381 monstrarunt.
700 1392 702 1396 ς

327 1432 391 1488 Iam
415 1429 566 1505 quaeritur
589 1431 727 1505 quisnam
751 1430 838 1488 fuerit
860 1428 1028 1499 historicus,
1053 1430 1137 1487 cuins
1169 1448 1280 1489 nomen
1317 1430 1396 1489 inter

221 1537 313 1596 verba
337 1539 371 1596 ιιί
386 1571 428 1578 -
446 1533 652 1597 historiarum
668 1535 803 1613 scriptor·
826 1537 984 1595 intercidit.
1003 1537 1039 1595 Id
1062 1537 1184 1612 quidem
1201 1537 1400 1612 perspicuum

221 1655 274 1715 est,
316 1654 384 1702 cuni
423 1654 527 1720 agatur
558 1645 596 1702 de
628 1644 781 1713 historic0,
816 1645 1033 1718 qucmVarro
1069 1644 1265 1719 exscripserit,
1304 1643 1394 1702 nobis

221 1752 259 1809 de
293 1751 438 1826 scriptore
470 1751 630 1808 vetustiore
663 1750 856 1826 cogitandum
886 1769 961 1809 esse.
1007 1753 1106 1826 Atque
1134 1752 1277 1826 probatur
1304 1751 1393 1808 nobis

221 1859 379 1916 Mercklini
402 1858 583 1928 coniectura,
608 1858 659 1932 qui
684 1858 812 1916 Gnaei
838 1858 960 1916 Gellii
983 1876 1095 1916 nomen
1111 1858 1304 1916 inserendum
1328 1876 1393 1916 esse

220 1975 330 2024 censet.
346 1960 369 2042 5)
416 1968 507 2023 Hunc
531 1965 649 2023 uberius
674 1966 712 2023 de
738 1965 917 2024 Sabinarum
941 1976 1027 2040 raptu
1051 1965 1204 2040 scripsisse
1237 1975 1320 2040 patet
1351 1984 1387 2022 ex

219 2073 309 2130 Dion.
335 2073 407 2130 Hal.
433 2074 515 2145 1131
543 2083 572 2130 et
596 2071 710 2130 Charis.
736 2073 750 2128 Ι
774 2091 802 2147 p.
838 2091 888 2146 39.
941 2073 1086 2147 Iosephus
1112 2072 1247 2148 Scaliger
1276 2091 1385 2148 propo·

219 2181 276 2238 suit
300 2181 484 2250 Atilium,
510 2181 548 2238 de
573 2199 632 2255 quo
657 2190 687 2237 ut
711 2179 901 2237 historiarum
925 2180 1069 2256 scriptore
1093 2179 1167 2236 nihil
1192 2179 1312 2237 scimus.

324 2290 368 2345 Ex
392 2289 472 2346 Festi
496 2290 564 2345 loco
589 2299 728 2363 corrupto
754 2297 867 2346 tantum
894 2289 1064 2347 rudimenta
1089 2298 1210 2345 nostrae
1240 2287 1278 2345 de
1303 2288 1391 2345 Tala

219 2395 266 2453 sio
292 2396 412 2453 fabulae
437 2406 668 2472 cognoscuntur,
694 2414 785 2470 quam
809 2396 833 2452 si
857 2397 993 2454 volumus
1018 2395 1200 2453 ornatiorem
1225 2406 1254 2453 et
1287 2394 1389 2469 ampli-

221 2520 304 2560 orem
340 2502 453 2572 audire,
489 2503 632 2560 adeamus
663 2512 781 2576 oportet
811 2502 1065 2559 Plutarchum
1099 2512 1142 2559 ter
1170 2502 1209 2559 de
1233 2520 1267 2559 ea
1298 2502 1391 2559 verba

221 2608 391 2677 facientem,
417 2609 536 2666 Romul.
562 2602 665 2692 ΧΨ)
700 2608 758 2680 Qu.
795 2609 832 2665 R.
868 2610 980 2680 XXXI,
1005 2611 1110 2683 Pomp.
1135 2610 1188 2666 IV.
1236 2610 1390 2666 Mutuatus

222 2727 322 2774 autem
355 2725 399 2774 est
421 2715 480 2785 hic,
505 2725 536 2771 ut
560 2733 650 2789 supra
673 2713 810 2796 diximus,
828 2715 961 2773 fabulam
986 2734 1022 2774 ex
1047 2716 1141 2774 Iubae
1165 2715 1335 2773 Mauretani
1352 2715 1387 2771 si·

219 2840 344 2898 quarum
367 2833 542 2898 argumenta
566 2839 582 2880 e
606 2822 743 2880 Varrone
766 2832 885 2898 sumpta
908 2833 1001 2880 erant.

323 2932 429 3005 Pomp.
455 2931 501 2985 IV
531 2921 585 2990 ὅτε
617 2926 681 3014 γάρ
711 2933 899 3015 θυγατέρας
931 2933 996 2993 τῶν
1026 2933 1181 3006 Σαβίνων
1210 2928 1265 2993 ἐπὶ
1297 2935 1388 2993 θέαν

217 3037 341 3118 ἀγῶνος
366 3040 410 3113 εἰς
434 3031 561 3119 Ῥώμην
586 3044 858 3121 παραγενομένας
882 3039 910 3098 ot
934 3031 1153 3122 πρωτεύοντες
1186 3027 1286 3132 α’ρετῇ
1316 3037 1386 3099 Ῥω-

215 3155 321 3228 μαίων
356 3137 503 3231 ἥρπαζον
540 3141 652 3220 αὐτοῖς
674 3157 839 3224 γυναῖκας,
866 3141 983 3219 ἄδοξοί
1001 3168 1085 3221 τινες
1120 3138 1296 3224 αἰγελοὶται
1331 3153 1388 3208 καῖ

217 3255 352 3338 βοτῆρες
377 3243 535 3338 ἆράμτνοι
568 3245 666 3335 κόρην
698 3249 803 3333 καλήν
836 3259 890 3314 καὶ
921 3249 1066 3336 μεγάλην
1098 3245 1264 3335 ἐκόμιζον·
1296 3246 1388 3328 ὅπως

217 3349 275 3425 οὖν
304 3354 348 3443 μη
374 3344 563 3442 προστυχών
585 3382 633 3434 τις
657 3347 817 3442 οἷηιέληται
840 3363 907 3422 τῶν
929 3353 1129 3444 κρειττόνων,
1155 3352 1264 3434 ἐβόων
1293 3364 1386 3422 θέον-

217 3492 268 3543 τες
284 3462 366 3549 Ιόίμα
397 3466 573 3552 Ταλασίῳ·
599 3469 666 3530 τοῖν
690 3465 726 3529 δὲ
749 3473 928 3552 χαριέντων
951 3474 1007 3529 καὶ
1034 3476 1203 3552 γνωρίμων
1233 3490 1281 3542 τις
1304 3460 1345 3549 ἦν
1369 3465 1387 3528 ὅ

326 3674 345 3744 ¹)
368 3677 411 3725 Cf.
433 3676 565 3744 Merclrlim
587 3677 645 3725 Ind.
666 3677 746 3726 schol.
766 3677 875 3741 Dorpat.
901 3678 967 3727 1860
986 3694 1012 3742 p.
1039 3691 1081 3741 r3;
1122 3678 1218 3736 Soltau‚
1241 3677 1273 3725 de
1292 3677 1387 3726 Plutar-

216 3768 256 3816 chi
276 3767 340 3815 lont.
358 3767 383 3815 in
405 3783 455 3815 sec.
477 3767 538 3816 hell.
560 3767 622 3816 Pun.
643 3782 669 3830 p.
694 3776 725 3827 7;
748 3767 828 3832 Peter,
851 3768 934 3830 Quell.
956 3768 982 3817 d.
1004 3769 1068 3816 Plut.
1089 3784 1115 3831 p.
1140 3776 1205 3830 ι55;
1229 3767 1333 3833 Mirsch‚
1354 3767 1388 3815 de

216 3857 288 3905 Varr.
309 3865 361 3905 ant.
385 3873 431 3905 rer.
452 3856 521 3904 hum.
542 3857 605 3920 Lpz.
627 3856 699 3905 Stud.
721 3856 825 3905 V1882
845 3868 888 3920 p‘p.
910 3870 926 3919 9
945 3865 971 3906 et
990 3859 1032 3920 63.

324 3943 345 4012 ²)
364 3946 405 3993 De
423 3946 500 3994 Iubae
519 3941 675 4014 ὁμοιότησιν
694 3962 708 3994 a
727 3945 792 3994 Plut.
813 3961 881 4009 expr.
902 3962 929 4010 p.
953 3959 993 4006 14.

324 4033 345 4101 ³)
365 4036 405 4083 De
424 4035 530 4083 Varron.
553 4034 632 4084 doctr.
654 4051 695 4098 ap.
717 4035 781 4083 Plut.
802 4042 877 4100 vest¹¹
901 4035 981 4100 Lng.
1003 4036 1039 4085 st.
1061 4036 1094 4084 IV
1116 4052 1142 4100 p.
1167 4036 1224 4095 184.

325 4120 348 4190 ⁴)
366 4124 407 4172 De
427 4123 491 4172 sont.
513 4132 537 4173 et
557 4131 651 4172 auctor.
671 4124 716 4172 vit.
737 4124 825 4187 parall.
847 4125 981 4173 Plutarchi.

288 4234 291 4239 ¹
325 4209 346 4279 ⁵)
365 4214 395 4261 L.
417 4213 435 4260 l.
456 4228 483 4276 p.
507 4225 548 4275 13.

324 4300 346 4368 ⁰)
366 4303 443 4350 Hunc
461 4303 543 4351 locum
562 4302 692 4366 exscripsit
710 4302 832 4366 Iosephus
852 4303 963 4368 Scaliger
980 4303 1005 4352 in
1025 4304 1185 4371 collectaneis
1205 4304 1237 4352 ab
1257 4303 1312 4368 ipso
1325 4321 1384 4354 con-

218 4393 302 4442 fectis:
324 4387 460 4460 Ἰστοριῶν
478 4388 632 4460 συναγωγή,
669 4387 855 4461 Ὀλυμπιάδων
872 4384 1033 4462 ιένιιγραηοί,Ι
1071 4394 1149 4442 Thes.
1170 4400 1249 4456 temp.
1270 4409 1296 4458 p.
1319 4395 1382 4456 384.

218 4483 259 4532 Cf.
279 4482 354 4530 Fabr.
376 4481 442 4529 Bibl.
464 4481 509 4530 Gr.
530 4481 566 4529 VI
585 4498 610 4545 p.
633 4482 676 4544 36.
