2880 4920
627 258 664 266 ...
714 243 749 280 22
805 258 842 267 -.

141 437 308 493 manosque
326 415 346 493 1)
372 438 478 478 uxores
495 419 614 477 duxisse
631 419 793 478 liberorum
809 420 1065 495 procreandorum
1082 439 1183 490 cansa,
1202 440 1309 496 magna

138 543 206 582 cum
231 525 445 600 probabilitate
469 525 614 601 suspicari
638 526 708 584 licet
732 527 821 585 deum
846 526 1011 601 nuptialem
1044 526 1134 584 fuisse
1163 527 1307 603 principio

138 632 248 690 deum
285 632 451 690 cuiusvis
475 632 724 691 fertilitatis,
772 637 800 691 A
826 634 951 692 Graecis
976 643 1074 691 autern
1099 645 1307 709 progenerata

136 759 200 798 rem
225 741 323 799 omnis
348 741 524 798 incrementi
548 742 736 800 Bacchum
761 741 961 800 existimatum
986 760 1050 800 esse
1075 741 1135 799 iam
1159 742 1307 800 neminem

136 847 219 923 sugit.
235 842 259 926 2)
305 850 387 912 Deus
411 848 579 907 habebatur
602 850 689 920 veris,
705 843 728 928 3)
753 869 821 907 cum
844 850 904 907 hoc
926 861 1062 925 ternpore
1080 849 1151 907 anni
1176 849 1307 907 maxime

136 964 286 1030 spectetur
309 965 415 1013 natura
439 974 545 1013 somno
570 957 655 1031 quasi
680 957 817 1027 excitata,
843 957 1012 1032 procreatio
1045 956 1306 1014 innumerabilium

135 1080 280 1119 novarum
308 1081 415 1132 rerum,
440 1081 517 1137 quae
541 1063 663 1138 quidem
688 1082 791 1121 omnes
817 1064 971 1121 allaccho
996 1064 1061 1139 ipso
1085 1073 1220 1121 veterum
1245 1063 1301 1139 opi·

135 1168 228 1227 nione
252 1180 336 1227 erant
359 1169 534 1245 productae.
579 1171 741 1246 Eleganter
763 1172 843 1228 hanc
866 1171 916 1230 dei
939 1172 1000 1229 vim
1016 1171 1149 1229 Avienus
1174 1171 1304 1230 versibus

136 1275 326 1334 adumbravit
356 1277 451 1335 descr.
484 1277 549 1335 orb.
580 1297 607 1336 v.
643 1297 722 1352 1123
757 1297 817 1353 sq.:
850 1278 925 1336 Cum
959 1279 1072 1355 Iupiter
1110 1278 1204 1336 filium
1230 1296 1247 1336 e
1269 1279 1304 1336 te-

135 1401 219 1442 more
243 1383 379 1453 solveret,

478 1487 569 1551 tellus
592 1488 705 1571 effudit
727 1489 813 1552 diues
836 1489 956 1572 odorra,

270 1592 427 1657 Vitiorum
449 1594 566 1658 subitis
590 1597 705 1660 turrruit
723 1615 819 1676 pecus
841 1597 1051 1660 iucrerueutis.

269 1700 329 1764 Ver
352 1700 487 1765 habuero
509 1721 602 1765 suuui
624 1685 707 1766 uouu
728 1705 889 1786 proruiuu,
906 1703 989 1785 flore
1005 1703 1173 1787 frequenti

262 1809 377 1874 Piuuit
400 1815 483 1873 terro
506 1811 606 1892 staua,
631 1831 668 1874 uu
690 1811 840 1893 upmplris
862 1812 951 1875 uudu
975 1813 1116 1877 cucurrit

183 1947 188 1956 ·
263 1915 423 1999 Lurpior;
446 1917 582 1980 iutrruis
606 1919 701 1980 etium
717 1917 834 1998 procul
854 1918 995 1998 audique
1018 1918 1059 1981 ub
1084 1920 1151 1981 oris

264 2021 343 2086 Ales
366 2024 470 2087 irruieu
495 2023 549 2087 (leo
576 2023 699 2107 lurpuur
723 2026 878 2107 conpescit
899 2046 1066 2088 uutouuuu.

242 2132 425 2192 Procreandi
450 2143 549 2192 autem
573 2135 616 2192 vis
640 2134 692 2193 illa
715 2154 806 2193 verna
820 2131 845 2213 ⁴)
869 2135 981 2193 Bacchi
1005 2154 1067 2192 non
1091 2137 1189 2193 solum
1219 2134 1303 2211 pcrti-

134 2241 229 2298 nebat
254 2240 293 2298 ad
317 2241 445 2315 plantas,
471 2251 597 2316 segetes,
622 2242 763 2318 pecudes,
790 2243 842 2301 sed
867 2244 1099 2301 transferebatur
1123 2261 1160 2301 ex
1183 2243 1225 2301 rei
1255 2262 1302 2300 na-

133 2560 172 2608 la
203 2577 227 2608 m
265 2560 376 2610 ucher
393 2561 425 2614 cs.
452 2561 484 2608 dc
504 2560 585 2629 Gaya,
621 2560 775 2609 ceremonies
807 2561 930 2624 nuptiales
960 2577 985 2625 p.
1012 2559 1066 2626 33.)
1103 2561 1220 2610 Ceterum
1245 2561 1308 2623 apud

136 2650 241 2699 Schinki
260 2667 284 2698 m
303 2666 402 2716 quoque
427 2666 521 2699 errores
545 2650 712 2698 Baumstarlrii
738 2665 810 2713 supra
836 2650 915 2698 notati
940 2650 1046 2717 (Ilym,
1071 2651 1162 2699 silius
1185 2646 1309 2699 Bacchi

133 2747 168 2788 et
193 2741 376 2804 Phlegyae.
407 2740 488 2803 Argi
514 2749 547 2788 et
572 2739 771 2805 Perinrelae)
797 2740 919 2804 leguntur,
960 2738 985 2808 2)
1006 2741 1057 2788 Alii
1083 2742 1233 2804 repetebant
1260 2756 1301 2788 vo·

132 2845 185 2878 cem
215 2832 247 2879 ab
270 2825 379 2899 ὕμνος
408 2829 529 2895 (Eustatlr,
549 2837 573 2877 et
592 2829 678 2878 Tzetz.
699 2829 718 2877 l.
747 2829 765 2877 l.
787 2829 815 2881 E,
835 2829 870 2883 M,
890 2845 909 2883 s,
936 2829 974 2895 v.)
994 2830 1034 2877 vel
1053 2830 1085 2878 ab
1106 2825 1212 2896 ὕμνος
1237 2833 1308 2885 νέος

130 2918 238 2985 (Tzetz.)
276 2920 301 2987 3)
335 2919 420 2968 Tertia
456 2919 609 2983 etymologia
644 2928 696 2967 crat
732 2920 764 2967 ab
792 2914 957 2988 ὁμονοεῖν
991 2919 1030 2967 vel
1063 2915 1153 2987 ὁμοῦ
1193 2925 1307 2969 ναίειν

131 3005 228 3078 (ὁμοῦ
252 3004 426 3070 aduritur,
454 3003 522 3077 ἅμα
547 3007 685 3073 ναίειν).
714 3009 821 3057 Aeolica
840 3003 1197 3077 dialecto-ipavur'arv,
1218 3006 1301 3056 Schol·

131 3098 199 3154 cod,
214 3098 276 3152 Ven,
290 3098 319 3146 B.
334 3099 364 3146 ll.
383 3098 469 3146 XXlll
480 3115 504 3147 v.
519 3099 699 3162 493,Hesycb,
711 3115 730 3151 sl
747 3116 769 3152 v,
783 3099 855 3152 Pbot¹
869 3098 932 3146 bibl.
948 3114 973 3161 p,
988 3111 1037 3160 321
1054 3115 1068 3145 a
1085 3108 1124 3159 17,
1139 3097 1253 3149 Eustatb
1265 3097 1281 3150 l,
1291 3096 1305 3148 l.

130 3187 237 3238 Philcm.
259 3205 283 3252 p¹
308 3200 365 3252 173,
405 3189 563 3253 Theognost
582 3189 608 3236 in
628 3188 739 3236 Cramcri
767 3187 856 3240 anecd.
879 3187 923 3242 Gr,
943 3187 1027 3236 Oxou.
1050 3188 1073 3234 ll
1093 3202 1117 3249 p¹
1146 3196 1187 3249 52,
1225 3187 1253 3241 Ε,
1273 3187 1304 3238 Μ,

132 3295 151 3334 s,
176 3295 200 3333 v,
222 3279 308 3333 'l'zetz¹
327 3278 424 3334 Anecd,
444 3278 488 3334 Gr,
508 3279 563 3326 Par.
585 3278 667 3331 Cram,
688 3278 721 3325 l-ll
743 3293 767 3340 p.
792 3277 850 3324 160.

243 3365 263 3432 ¹)
284 3368 324 3417 Cf.
345 3369 412 3422 Fest,
429 3383 448 3422 s,
466 3382 633 3430 v,quaeso
653 3383 677 3429 p.
700 3366 765 3428 258:
783 3363 897 3432 (Ennius)
910 3366 935 3415 in
949 3364 1120 3428 Cresphonte:
1139 3365 1243 3414 ducit
1260 3378 1303 3412 me

133 3474 280 3506 uxorem
302 3458 507 3506 liberorum
526 3456 599 3504 sibi
626 3457 879 3520 quaesendum
899 3455 1066 3518 gratiaci
1085 3453 1298 3503 inAndromeda:

130 3547 297 3596 liberum
350 3546 609 3612 quaesendum
654 3561 763 3594 causa
812 3544 988 3594 familiae
1025 3551 1178 3592 matrem
1214 3553 1298 3592 tuac.

136 3638 203 3693 Gell,
223 3638 258 3695 Ν,
278 3639 310 3691 Α,
329 3637 373 3696 IV,
388 3649 418 3698 3;
441 3636 492 3691 vid,
512 3636 623 3684 Brisson.
645 3635 676 3684 de
694 3635 768 3690 form,
787 3644 812 3685 et
831 3635 937 3688 solemn.
959 3634 995 3682 VI
1013 3650 1039 3697 p,
1060 3643 1119 3702 542,
1142 3634 1266 3697 Hartung,
1283 3630 1297 3677 l.

136 3728 154 3784 l,
173 3745 198 3792 p,
219 3737 279 3790 245,
301 3727 391 3780 Rossb¹
411 3726 428 3780 l,
447 3726 464 3780 1,
484 3741 508 3789 p.
528 3738 552 3784 4.

236 3813 258 3882 ²)
277 3817 317 3865 Dc
337 3815 423 3880 phallo
442 3814 557 3878 symbolo
572 3815 622 3869 vid,
641 3814 738 3868 Herod,
762 3816 782 3880 l,
795 3827 839 3875 49,
878 3812 982 3868 Aristot,
1002 3828 1050 3862 ars.
1072 3828 1113 3876 po¹
1129 3825 1154 3871 4,
1177 3809 1293 3862 Plutarch.

131 3908 163 3957 de
183 3907 266 3971 cupid.
286 3907 336 3960 div,
357 3921 378 3959 c,
398 3905 423 3955 8.
453 3904 492 3959 Cf,
512 3905 644 3961 Conzirmr,
666 3905 727 3952 Her.
748 3921 773 3959 ιι,
793 3904 863 3958 Gotr,
882 3920 907 3967 p,
927 3903 969 3965 36,

236 3993 257 4062 3)
276 3994 316 4048 Cf,
331 3995 404 4059 Baur¹
427 3993 539 4056 Symbol,
558 4009 583 4046 u,
612 3993 718 4056 Mythol.
738 3994 801 4060 11‚2
821 4008 846 4055 p,
869 4004 926 4055 132,
970 3991 1061 4039 l'rcller
1080 3992 1105 4038 in
1125 3991 1212 4054 Paulyi
1230 3991 1258 4044 R,
1273 3985 1297 4038 E.

130 4103 151 4137 s.
173 4102 188 4133 v
219 4083 405 4145 Dionysia-
425 4098 461 4145 gr,
480 4082 517 4130 M.
540 4082 595 4144 lp,
618 4091 668 4144 544
687 4098 724 4145 sq.
765 4081 852 4148 Voigt‚
873 4081 949 4135 Beitr‚
968 4097 990 4128 z.
1006 4080 1087 4143 Myth,
1107 4080 1133 4133 d,
1155 4082 1218 4129 Ares
1235 4095 1258 4134 u,
1274 4075 1296 4123 d.

131 4175 232 4223 Athene
252 4173 344 4240 (Lng.
367 4171 438 4220 Stud.
460 4171 496 4218 IV
520 4170 611 4237 1881.)
632 4187 674 4233 pp,
696 4184 756 4234 233,
779 4184 839 4230 242,
863 4171 924 4231 267,

236 4259 257 4329 ⁴)
277 4263 317 4311 De
336 4261 400 4310 veris
420 4262 452 4309 ad
472 4277 586 4309 amorem.
609 4261 767 4310 excitandum
787 4260 812 4308 vi
838 4261 872 4308 ct.
901 4258 1018 4322 Pervigil.
1041 4259 1106 4308 Ven.
1129 4276 1153 4308 v.
1177 4273 1191 4308 2
1211 4275 1246 4322 sq.

143 4355 211 4403 Ver
238 4369 388 4412 novum,
421 4368 481 4400 ver
508 4352 575 4399 iam
599 4366 786 4409 canorum,
819 4365 903 4398 vere
932 4355 1042 4397 natus
1069 4349 1174 4398 orbis
1205 4354 1270 4404 est.

144 4445 238 4496 Vere
267 4443 507 4494 concordant
535 4457 694 4500 amores,
725 4456 812 4490 vere
842 4440 984 4489 nubunt
1013 4438 1146 4507 alites,
