2880 4920
582 279 806 335 ..27..

109 479 166 534 luo
193 460 364 535 agebantur
386 458 507 516 Baccho
530 459 662 516 Lenaea.
679 453 702 536 ¹)
718 459 837 516 Nomen
861 468 960 516 autem
985 452 1160 539 Γαμηλιοὶν
1184 455 1281 512 mensi

110 567 144 623 lli
172 566 240 624 sine
264 567 358 626 dubio
383 567 486 625 datum
511 576 555 624 est
579 575 739 641 propterea
763 566 846 641 quod
870 566 928 622 hoc
952 563 1023 622 anni
1046 573 1164 638 tempus
1194 561 1283 637 aptis-

109 674 216 732 dmum
241 673 438 732 matrimoniis
463 673 602 732 ineundis
627 693 645 730 a
669 673 819 731 veteribus
843 664 1048 747 habebatur.‘²)
1083 669 1183 727 Etiam
1208 669 1283 732 Θεο-

109 775 270 857 1οιίσιος3)
295 781 406 839 Bacchi
431 799 602 857 cognomen
627 781 666 838 ad
689 780 810 856 nuptias
836 779 1026 838 referendum
1051 787 1104 847 est,
1130 795 1198 834 cum
1225 794 1284 833 vox

109 886 224 962 1οιίειν,
260 899 292 946 ut
322 898 402 946 recte
433 888 583 964 perspexit
613 888 772 959 Prellerus,
787 883 812 965 ⁴)
850 886 985 963 inprimis
1023 887 1060 945 de
1098 884 1282 960 nuptialibus

109 997 203 1071 epulis
218 990 246 1079 ⁵)
270 997 396 1056 dicatur.
444 998 529 1056 Idem
553 1015 665 1054 nomen
690 995 817 1053 occurrit
841 994 932 1052 etiam
956 993 985 1050 in
1010 995 1136 1062 Iunone,
1162 1009 1280 1049 summa

109 1103 317 1179 :oningiorum
350 1105 417 1174 dea,
452 1104 584 1178 Hesych.
617 1122 639 1161 s.
673 1123 700 1161 v.
725 1095 921 1188 Ἦρόχια·
954 1097 995 1162 τοὶ
1027 1097 1280 1162 deodatum·

109 1213 132 1271 n
158 1209 197 1273 δὲ
222 1205 346 1296 ἑορτήν,
379 1213 408 1273 ol
432 1207 468 1274 δὲ
492 1205 573 1297 ἱεροί.

214 1320 374 1376 Praeterea
397 1319 471 1378 haec
488 1338 534 1377 res
557 1337 620 1376 non
636 1318 720 1394 parvi
738 1328 783 1376 est
799 1316 953 1386 momenti,
971 1316 1054 1391 quod
1078 1314 1108 1372 in
1125 1312 1237 1389 nuptiis
1254 1323 1282 1371 et

109 1426 135 1481 in
159 1425 273 1482 Bacchi
298 1425 444 1499 mysteriis
468 1427 575 1485 eadem
607 1425 774 1484 invenimus
804 1425 896 1482 verba
919 1423 1086 1481 sollemnia.
1113 1419 1282 1480 Gratulatio

109 1531 187 1588 enim
211 1531 304 1589 sacris
328 1531 512 1590 initiatorum
549 1543 613 1591 erat
642 1533 773 1590 Firmieo
806 1533 945 1589 Materno
961 1525 985 1607 8)
1020 1539 1112 1589 teste:
1160 1541 1284 1614 χαῖρε

109 1647 272 1720 νυμφίε,·
297 1637 387 1696 etiam
411 1638 539 1696 formula
567 1639 620 1697 illa
652 1639 682 1696 in
712 1637 823 1715 nuptiis
841 1632 863 1716 7)
888 1637 1017 1695 maxime
1041 1636 1165 1694 usitata:
1192 1631 1281 1717 ἔφυ·

109 1768 184 1822 γον
217 1742 368 1819 κοινόν,
400 1736 528 1831 οὖροι·
562 1743 742 1828 ἄμεινον
766 1745 796 1802 in
820 1744 966 1820 mysteriis
991 1743 1201 1812 adhibebatur,
1225 1743 1284 1798 De·

114 1853 218 1909 mosth.
244 1852 282 1910 de
306 1870 409 1910 coron.
435 1872 464 1928 p.
492 1872 573 1928 313:
600 1846 684 1939 οἷνήρ
709 1851 745 1916 δὲ
767 1846 940 1934 γενόμενος
963 1856 1004 1947 τῇ
1026 1859 1123 1935 μητρὶ
1146 1843 1280 1943 τελούσῃ

110 1955 165 2032 τοὶς
199 1957 334 2035 βίβλους
368 1957 608 2040 ἀνεγίγνωσκες,
634 1968 690 2023 καὶ
724 1951 830 2024 τᾶλλα
863 1964 1100 2045 συνεσκευωροῦ
1128 1956 1189 2042 τήν
1220 1960 1283 2039 μὲν

113 2156 178 2219 μῆνα
198 2158 346 2218 Ληναιῶνα
366 2148 501 2209 Βοιωτούς
524 2151 630 2216 καλεῖν,
650 2149 791 2205 ιῗιιοατιίιι
811 2152 840 2204 δὲ
859 2150 875 2217 ἢ
896 2150 943 2205 τὸν
963 2148 1160 2207 Βουκάτιον...
1204 2146 1220 2214 ἢ
1238 2150 1283 2205 ιόν

110 2242 240 2311 Ἔρμαιον,
260 2239 289 2299 ὅς
308 2242 363 2294 ἐστι
381 2239 446 2312 perri
473 2239 521 2292 τὸν
539 2238 689 2294 Βουκάτιον
712 2243 755 2293 καὶ
775 2245 811 2300 εἰς
836 2240 912 2294 ταδτδ
934 2239 1077 2313 ἐρχόμενος
1095 2247 1140 2313 τρῖ
1165 2248 1282 2314 Γαμη-

116 2328 217 2396 λιῶνι,
243 2336 324 2382 καθ’
351 2329 389 2383 ὃν
417 2328 455 2383 ια’
480 2329 621 2396 Λήναια
647 2336 725 2402 παρ’
754 2329 963 2396 Ἀθηναίοις,

215 2419 235 2488 ¹)
254 2422 365 2485 Hesych.
382 2438 402 2478 s,
414 2439 439 2471 u.
455 2419 594 2486 Ληναιών·
615 2423 658 2473 καὶ
676 2419 730 2492 γαρ
750 2419 860 2486 Ἀδηναῗ
859 2442 884 2472 οι
903 2419 950 2487 τήν
968 2427 1024 2474 τοῖν
1043 2428 1171 2486 Ληναῐιον
1190 2419 1281 2491 ἑορτήν

124 2506 146 2556 ἓν
160 2507 227 2580 saltui
246 2507 369 2579 ἄγουσιν,
390 2511 488 2566 Anecd,
508 2511 552 2566 Gr,
571 2512 678 2562 Bekker.
700 2513 711 2560 1
731 2529 756 2576 ρ,
777 2522 843 2575 235:
866 2509 899 2563 ια’
920 2511 950 2563 δὲ
964 2508 1071 2575 Λήναια
1091 2511 1282 2577 Γαμηλιῶνος,

124 2598 148 2646 cl.
164 2601 240 2656 schol,
260 2602 284 2648 iu
306 2601 434 2664 Aristopb.
457 2601 533 2665 equit,
552 2618 575 2655 ν,
598 2612 656 2663 547,

214 2687 236 2757 ⁹)
257 2691 298 2745 Cl,
318 2691 353 2746 M,
373 2691 449 2754 Guys.
473 2707 572 2754 voyage
590 2692 710 2741 litteraire
730 2693 761 2740 de
781 2693 805 2741 la
824 2688 905 2741 Grece
924 2693 936 2740 1
955 2708 980 2755 p.
1002 2705 1061 2746 221,
1081 2691 1242 2751 Gubemads,
1264 2693 1281 2747 l,

125 2775 137 2828 l.
152 2795 173 2842 p,
191 2794 238 2840 24;
263 2780 384 2829 Ceciliunr
403 2780 494 2847 Smin,
513 2781 616 2844 Journal
636 2781 664 2829 of
680 2781 750 2836 Hell,
770 2781 839 2830 stud.
860 2781 879 2839 Ι,
903 2797 929 2845 p.
952 2793 1012 2839 204.

213 2867 235 2936 8)
255 2869 365 2933 Hesych,
384 2886 405 2922 s¹
427 2886 450 2924 ν,
480 2868 646 2926 Θιοδαίσιος·
674 2866 687 2920 ὅ
712 2865 846 2926 Διόνυσος,
871 2871 995 2918 Audimus
1030 2870 1106 2919 elium
1131 2871 1163 2919 de
1189 2872 1282 2920 Bacchi

125 2956 279 3017 sollemnibus,
303 2976 367 3024 quae
385 2961 539 3008 vocabantur
560 2960 711 3024 Θιοδαῖσια,
725 2961 794 3015 suid,
813 2977 834 3016 s¹
856 2977 879 3015 v.
898 2957 1081 3030 ’Λσουδρόμια
1098 2960 1242 3011 Θιοδαίσια
1261 2960 1282 3012 ἓ-

125 3043 181 3110 οριὴ,
199 3048 228 3100 ἒν
245 3037 262 3117 ᾗ
280 3048 380 3118 ἐτίμων
398 3046 527 3099 Διόνυσον
545 3050 589 3100 καὶ
609 3047 656 3107 τοὶς
674 3047 803 3120 Νύμιγας,
823 3059 848 3100 et
867 3052 898 3099 de
918 3067 1004 3099 mense
1023 3051 1058 3099 itu
1076 3051 1203 3114 appellato
1221 3049 1280 3098 Cre·

125 3137 213 3186 tensium
232 3139 385 3203 (Hermann,
406 3155 443 3201 gr,
462 3139 591 3194 Monatsk,
610 3156 635 3202 p,
655 3140 723 3206 oa),
745 3139 860 3189 Coorum
887 3140 971 3207 (Ross,
1003 3140 1076 3194 inser.
1102 3140 1171 3189 ined.
1196 3140 1234 3188 III
1253 3156 1279 3188 n.

127 3226 185 3292 311)¹
206 3228 363 3276 Rhodiorum
383 3227 426 3293 (cs,
445 3229 535 3292 Franz,
557 3228 648 3282 Philol,
668 3229 712 3296 vl,
735 3245 760 3292 p.
784 3229 855 3294 ²78„
881 3229 972 3278 Andrii
991 3245 1089 3293 quoque
1103 3228 1171 3277 diem
1191 3229 1281 3278 festum

126 3313 266 3366 celebrabant
289 3316 444 3380 Θουδαίσια,
464 3318 571 3372 Pausan,
590 3318 680 3386 V126‚
697 3331 718 3372 1,
738 3319 802 3373 Plio,
821 3319 847 3373 h,
867 3337 892 3368 n.
914 3319 1011 3373 11106,
1030 3319 1116 3366 XXXI
1134 3332 1173 3381 13,

212 3403 233 3472 ⁴)
251 3408 286 3461 Ι),
300 3407 362 3462 luet,
376 3407 506 3470 Dionysos
518 3405 608 3474 (Areh¹
623 3408 678 3471 Ztg.
696 3408 770 3470 1855,
787 3424 811 3471 p.
830 3421 873 3466 11;
891 3424 1000 3472 ausgew.
1018 3408 1092 3456 Auis.
1107 3424 1132 3471 p.
1147 3421 1198 3470 293
1218 3411 1280 3473 sq.).

212 3494 235 3564 ⁶)
255 3495 296 3545 Cf.
322 3496 392 3545 locos
419 3496 562 3545 aPrellero
581 3497 711 3545 laudatos:
735 3497 764 3551 11,
784 3497 841 3545 XlX
861 3514 884 3550 v.
913 3511 979 3560 299:
1009 3497 1112 3547 δαίσειν
1131 3496 1161 3548 δὲ
1180 3492 1280 3567 γάμον,

127 3575 216 3646 Euripid.
244 3586 301 3649 Ipb,
329 3587 361 3640 Α,
389 3602 414 3640 ν,
444 3599 507 3648 123:
543 3586 671 3654 διοίσομεν
692 3583 843 3656 ἔμιναιόυς,
864 3616 897 3623 -
917 3604 942 3642 v,
963 3597 1012 3648 707
1033 3587 1145 3637 ἔδαισαν
1164 3582 1282 3657 γάμους,

127 3663 187 3722 I)iod.
206 3675 247 3725 Sic
280 3676 309 3733 V,
323 3688 367 3737 49.
407 3675 507 3724 Aelian.
529 3675 560 3729 V,
580 3676 615 3728 H.
635 3675 766 3724 xxxlvi
789 3675 957 3745 γαμοδαίσια
977 3686 1025 3732 etc,

212 3761 233 3830 6)
251 3765 292 3813 De
311 3781 360 3813 err.
382 3764 446 3828 pros.
466 3764 510 3818 rel,
530 3779 551 3812 c.
577 3777 616 3825 19,

213 3850 234 3920 7)
254 3853 324 3905 Suid.
350 3869 369 3906 s,
393 3869 417 3900 v.
447 3852 551 3919 ἔιμυγον
575 3848 674 3914 κακόν,
701 3841 780 3921 εὗρον
805 3849 932 3922 ἄμεινον·
952 3849 1073 3906 τάττεται
1091 3855 1134 3906 ἐπὶ
1153 3858 1208 3906 τῶν
1226 3851 1279 3905 rino*

129 3944 191 3989 κακοῦ
216 3943 252 3999 εἰς
287 3944 407 4011 κρεῖττον
432 3936 577 3996 ἐλθόντοιν,
608 3941 672 3997 lbos
705 3937 759 4009 yrip
789 3937 932 4006 Ἀθήνησιν
955 3943 984 3994 ἰν
1008 3939 1109 4012 γάμοις
1135 3948 1281 4011 σιέιγισδαι

129 4016 252 4095 (ῗμσιδαλῆ
280 4030 380 4094 παῖδα,
408 4027 533 4088 α’κιὲνθας
555 4027 620 4101 perd
647 4030 766 4099 δρυΐνων
784 4036 1024 4101 καραοινιγέροντα
1044 4034 1088 4084 καὶ
1107 4033 1199 4083 λίκνον
1217 4033 1280 4097 πλῆ-

131 4127 162 4174 tu
176 4114 256 4188 ἄρτιον
274 4116 409 4189 λέγοιντο]
438 4127 622 4190 προκείμενον,
643 4117 830 4191 αι’νισοόμινον
854 4117 904 4185 τήν
923 4122 964 4173 ἐπὶ
983 4118 1012 4172 ια’
1031 4125 1152 4191 κρεῖττον
1169 4128 1277 4193 μεταβο-

131 4194 217 4260 llum
242 4206 296 4278 γαρ
322 4209 351 4260 ἐκ
375 4213 431 4260 τῶν
457 4209 548 4279 δρυῶν
573 4210 617 4259 καὶ
643 4206 776 4260 ἀκανθῶν
794 4215 899 4280 στέμμα
919 4207 1002 4261 κακδν
1021 4211 1121 4279 ἔλεγον,
1160 4212 1200 4260 Cf.
1222 4213 1278 4260 Plu-

133 4292 192 4344 luch,
213 4299 326 4361 proverb.
345 4299 420 4352 Alex,
441 4300 483 4347 Xb
491 4300 507 4353 1,
527 4299 624 4348 Zenob.
646 4300 736 4361 1119&
759 4302 836 4348 verba
856 4300 885 4351 ἓν
904 4303 958 4356 τοῖς
977 4296 1078 4370 γάμοις
1104 4301 1197 4350 omissa
1221 4311 1278 4351 sunt

134 4382 181 4437 allld
196 4387 314 4452 Hesycb„
336 4391 426 4445 Arsen,
448 4389 508 4438 viol.
540 4406 565 4453 p,
590 4400 639 4450 247
663 4390 753 4448 Vl'alz..
776 4390 893 4454 Apostol,
913 4390 1004 4453 lX37;
1028 4391 1080 4445 vid,
1100 4389 1230 4454 Stephani,
1249 4390 1280 4450 C,

135 4460 156 4519 R·
170 4486 190 4534 P·
211 4479 269 4530 1861
291 4496 317 4545 p.
339 4480 397 4542 169,
415 4481 508 4536 Rossb,
527 4480 599 4536 Unts,
618 4496 643 4544 p,
664 4491 723 4544 225,
