2880 4920
700 256 922 316 -80-
1141 288 1152 317 ο

223 469 288 509 rum
318 451 476 511 doctorum
514 453 724 514 controversiis
765 452 953 512 nobilissima
985 451 1130 511 dicamus.
1178 451 1334 511 Koehlero
1364 459 1396 510 et

222 558 355 617 Brunnio
379 577 446 618 eam
470 560 592 618 saeculo
608 561 682 618 XVI
705 561 853 636 scalptam
876 578 942 619 esse
964 559 1121 635 auspicatis
1147 577 1264 617 summa
1286 558 1395 635 iniqui·

225 675 285 724 tate
326 666 503 726 adversatus
544 678 587 726 est
626 668 808 744 Stephanius
846 668 1033 726 contendens
1072 685 1148 742 opus
1187 677 1315 742 excepta
1351 667 1395 724 iu-

223 772 386 848 scriptione
410 774 565 850 antiquum
589 794 663 834 esse.
712 777 892 851 Spectentur
915 775 946 832 in
969 793 1090 851 gemma
1118 773 1243 850 nuptiae
1270 773 1395 850 Cupidi-

222 879 268 938 nis
291 891 322 940 et
340 882 491 960 Psyches3
515 901 643 958 sponsus
668 901 841 958 sponsaqne
857 882 1008 957 capitibus
1031 881 1139 941 velatis
1163 899 1224 940 una
1248 881 1397 940 incedunt

223 987 306 1046 ducti
328 989 392 1047 liuo
414 990 505 1048 laneo
528 991 567 1049 ab
584 993 765 1065 Hymenaeo
787 991 886 1049 facem
908 1000 1055 1067 gestante,
1072 990 1145 1048 dum
1168 990 1243 1048 alter
1265 989 1395 1048 duorum

225 1094 408 1171 Cupidinum
432 1097 542 1156 lectum
565 1108 652 1174 parat
674 1098 835 1175 genialem,
860 1098 935 1156 alter
957 1097 1095 1155 fiscinam
1119 1096 1264 1154 fructibus
1297 1097 1396 1173 reple·

223 1212 285 1262 tam
308 1222 399 1279 super
421 1205 586 1264 amantium
610 1205 710 1281 capita
733 1205 821 1265 tollit.

329 1313 370 1371 At
402 1312 466 1371 iure
498 1313 587 1371 nobis
618 1313 660 1370 illi
693 1313 747 1372 viri
780 1313 862 1373 docti
894 1314 952 1370 hac
985 1331 1016 1371 re
1047 1311 1211 1372 offendisse
1242 1311 1393 1387 videntur,

223 1418 306 1493 quod
329 1420 460 1478 velatum
476 1439 620 1495 sponsum
644 1430 673 1479 et
689 1421 773 1479 illum
788 1421 920 1480 fiscellae
937 1438 1024 1478 usum
1046 1437 1195 1495 nusquam
1212 1419 1286 1497 alibi
1311 1438 1394 1496 spec·

222 1535 340 1605 tamus3
364 1536 409 1586 est
431 1545 502 1586 vero
525 1529 602 1586 haec
626 1528 758 1586 maxima
780 1529 951 1600 difficultas,
970 1547 1060 1604 quam
1084 1527 1266 1604 stephanius
1290 1538 1394 1586 nostra

223 1633 368 1708 opinione
390 1635 498 1694 frustra
520 1635 662 1712 expedire
685 1646 811 1694 conatus
834 1647 888 1696 est.

329 1797 420 1854 Hanc
443 1797 482 1855 de
506 1797 555 1855 dei
578 1796 721 1872 nuptialis
745 1796 927 1873 imaginibus
944 1796 1178 1873 disputationem
1202 1796 1318 1873 optime
1340 1815 1392 1855 no·

223 1902 270 1961 bis
294 1903 475 1962 concludere
498 1904 634 1963 videmur
658 1913 928 1963 commemorantes
952 1904 1115 1981 imaginem
1140 1903 1312 1979 Hymenaei
1335 1923 1394 1962 me·

223 2009 275 2069 dio
300 2029 376 2069 aevo
400 2011 580 2082 consectam,
599 2030 677 2087 quae
700 2012 829 2088 primum
854 2012 893 2070 ab
916 2014 987 2070 Ant.
1006 2011 1168 2088 Springero
1182 2006 1206 2089 ¹)
1230 2011 1261 2069 in
1285 2012 1394 2088 psalte·

223 2118 267 2175 rio
291 2117 436 2176 illustrato
461 2118 552 2176 medii
577 2119 652 2190 aevi,
678 2119 800 2195 quoda
824 2120 964 2196 Trajecto
988 2119 1028 2178 ad
1051 2119 1192 2178 Rhenum
1215 2119 1393 2195 appellatur,

224 2225 262 2283 ad
285 2225 435 2300 psalmum
457 2228 562 2284 XVIII
586 2227 708 2304 cognita
732 2237 785 2286 est.
811 2226 911 2286 Pictor
933 2227 1013 2286 hunc
1036 2245 1153 2285 versum
1176 2226 1323 2285 illustrare
1346 2245 1395 2284 vo·

222 2332 294 2393 luit:
320 2334 349 2393 et
369 2328 437 2410 ipse
460 2327 564 2415 (deus)
588 2329 672 2395 velut
692 2350 830 2412 sponsus
853 2330 1016 2414 eyrediens
1040 2329 1078 2394 da
1103 2329 1242 2394 thalamo
1267 2350 1323 2395 sao
1348 2349 1395 2393 aa·

222 2434 358 2500 saltabat
378 2435 463 2501 uehat
480 2438 598 2521 pinnas
620 2439 707 2501 nium
731 2456 875 2515 συνάγω
892 2457 1049 2502 asumma
1067 2437 1148 2502 coelo
1165 2436 1324 2522 profectio
1338 2452 1393 2500 etc.

224 2546 316 2621 Quod
331 2546 402 2605 fecit
424 2546 504 2607 hunc
519 2548 551 2606 in
567 2549 707 2608 modum:
727 2549 801 2608 deus
818 2568 836 2607 a
853 2549 972 2608 duobus
989 2548 1104 2626 angelis
1121 2549 1228 2608 ductus
1246 2549 1277 2607 in
1292 2548 1395 2606 limine

222 2654 327 2730 templi
351 2664 419 2734 stat,
443 2655 525 2715 iuxta
549 2657 631 2732 quod
662 2655 773 2716 eminet
802 2675 818 2715 e
848 2666 926 2715 terra
959 2657 1112 2733 superiore
1143 2656 1279 2733 corporis
1310 2666 1395 2733 parte

223 2763 418 2837 Hymenaeus
443 2763 621 2822 adulescens
645 2775 806 2823 coronatus
830 2782 971 2840 magnam
995 2765 1092 2824 facem
1116 2763 1236 2822 sinistra
1268 2774 1395 2842 tenens3

223 2869 295 2929 data
318 2880 417 2928 autem
441 2871 650 2947 deo'nuptiali
674 2872 772 2936 facies,
790 2870 925 2933 Davidis.
942 2864 969 2954 ²)

222 3045 359 3115 Boettiger,
374 3047 413 3095 Id.
429 3063 451 3095 z.
466 3046 633 3110 Kunstmyth.
650 3048 676 3096 Π
689 3064 716 3112 p.
732 3060 785 3108 444
799 3065 837 3114 sq.
851 3063 856 3107 ;
873 3077 905 3088 -
917 3065 1003 3114 opusc.
1020 3051 1078 3099 Lat.
1098 3064 1125 3113 p.
1141 3049 1193 3108 416
1212 3063 1268 3114 sq.;
1286 3048 1392 3107 thler,

222 3152 276 3200 ges.
303 3136 373 3189 Sohr.
388 3136 426 3187 111
445 3153 489 3200 pp.
504 3149 553 3187 201
569 3145 594 3187 et
608 3147 674 3200 357;
691 3139 795 3198 Brona,
821 3155 859 3204 gr.
880 3139 985 3190 Ktinstl.
1006 3139 1032 3188 II
1049 3155 1075 3204 p.
1106 3139 1173 3203 635
1206 3137 1338 3208 Stephani,
1362 3137 1394 3187 C.

222 3224 254 3273 R.
280 3225 358 3282 1861,
380 3242 406 3289 p.
432 3226 495 3288 169;
522 3226 588 3275 1862
608 3243 633 3290 p.
659 3228 721 3290 163;
749 3228 814 3290 1872
834 3245 859 3292 p.
885 3229 948 3286 168;
970 3228 1035 3291 1877
1054 3244 1081 3293 p.
1108 3228 1294 3291 199;-ttber
1313 3228 1397 3295 einige

223 3314 328 3381 augebl.
343 3315 549 3366 Steinschneider
567 3332 610 3380 pp.
629 3326 728 3380 3—15;
746 3317 886 3384 Michaelis,
907 3317 1048 3369 Entstehen
1066 3333 1091 3366 u.
1112 3317 1246 3382 Vergehen
1264 3316 1333 3365 einer
1342 3318 1396 3364 An·

222 3404 441 3468 tikensammlung
459 3403 687 3473 (Arundelhouse.)
705 3407 744 3455 Im
773 3423 854 3457 neuen
879 3407 958 3456 Reich
983 3407 1052 3466 vm,
1086 3407 1152 3468 1878
1184 3423 1211 3456 n.
1232 3419 1266 3466 24
1285 3422 1311 3470 p.
1333 3418 1396 3468 934.

331 3491 351 3561 ¹)
370 3496 404 3543 D.
417 3495 600 3545 Psalterillustr.
612 3495 683 3544 imsr.
691 3496 818 3546 Mittelalt.
828 3513 854 3560 p.
865 3509 915 3559 203
924 3512 963 3562 sq.
974 3495 1054 3563 (Abh.
1065 3496 1092 3545 d.
1103 3495 1130 3545 k.
1140 3513 1161 3545 s.
1175 3495 1208 3544 G.
1222 3495 1248 3544 d.
1260 3496 1302 3544 W.
1314 3493 1399 3561 XIX.)

331 3580 353 3650 ²)
374 3584 450 3648 Apud
470 3585 559 3634 doctos
578 3592 665 3649 poetas
684 3585 756 3634 initio
775 3600 843 3635 saec.
864 3585 939 3634 XVII
956 3584 1079 3644 Christus,
1101 3585 1143 3650 qui
1161 3585 1215 3648 ipae
1233 3584 1398 3648 Hymenaeus

209 3675 368 3740 nocebatur,
390 3674 462 3723 huius
481 3675 588 3738 suscepit
605 3682 697 3738 partes.
732 3673 807 3724 Cuius
826 3674 862 3723 rei
880 3674 1025 3724 testimonio
1045 3673 1169 3723 afferimus
1187 3689 1272 3723 versus
1289 3675 1400 3724 nonnul·

222 3765 261 3814 los
281 3772 394 3828 sumptos
411 3781 442 3813 ex
460 3763 628 3828 epithalamiis
650 3764 677 3812 in
704 3764 858 3814 bibliotheca
882 3764 963 3828 patria
985 3764 1127 3814 Inbeceusi
1152 3763 1294 3814 asservatis.
1331 3765 1399 3814 Da-

223 3854 342 3904 vidius
373 3853 541 3923 Meisner‚
565 3855 651 3908 1621:

224 3944 378 3996 Christe
397 3945 607 4008 Hymenaee
626 3945 781 4008 Hymen,
803 3943 1400 4016 primiParanympheparentis‚

222 4039 299 4088 Huc
325 4034 457 4084 venias
484 4034 687 4099 taedisque
715 4034 814 4084 feras
841 4050 946 4084 sacra
973 4048 1120 4084 munera
1147 4034 1263 4099 pacis.

223 4127 373 4177 Ioannes
397 4124 536 4179 Reuter.
564 4123 647 4186 1635:

311 4214 353 4263 Et
379 4212 439 4278 qui
466 4211 621 4261 Christe
648 4213 770 4263 Canae
797 4213 923 4264 taedis
952 4211 1133 4280 dignatus
1161 4213 1307 4265 adesse.

222 4301 411 4356 Michaelis
436 4301 576 4368 Wolph,
601 4301 682 4364 1636:

349 4419 354 4428 ·
397 4400 483 4441 ——et
510 4391 704 4460 Christus,
734 4393 793 4457 qui
821 4408 885 4440 vos
913 4391 949 4441 in
980 4391 1137 4444 foedera
1164 4393 1277 4457 cogit.

418 4481 642 4545 Coniugium
669 4482 738 4530 hoc
765 4483 873 4532 vobis
899 4482 960 4532 det
989 4481 1071 4532 sine
1097 4482 1168 4531 lite
1195 4479 1279 4534 siet.
