<?xml version="1.0" encoding="UTF-8"?>
<!DOCTYPE html PUBLIC "-//W3C//DTD XHTML 1.0 Transitional//EN"
    "http://www.w3.org/TR/xhtml1/DTD/xhtml1-transitional.dtd">
<html xmlns="http://www.w3.org/1999/xhtml" xml:lang="en" lang="en">
 <head>
  <title>
</title>
<meta http-equiv="Content-Type" content="text/html;charset=utf-8" />
  <meta name='ocr-system' content='tesseract 3.04.00' />
  <meta name='ocr-capabilities' content='ocr_page ocr_carea ocr_par ocr_line ocrx_word'/>
</head>
<body>
  <div class='ocr_page' id='page_1' title='image "./dehymenaeoettal00schmgoog_0022.png"; bbox 0 0 2880 4920; ppageno 0'>
   <div class='ocr_carea' id='block_1_1' title="bbox 614 234 836 293">
    <p class='ocr_par' dir='ltr' id='par_1_1' title="bbox 614 234 836 293">
     <span class='ocr_line' id='line_1_1' title="bbox 614 234 836 293; baseline -0.009 -30"><span class='ocrx_word' id='word_1_1' title='bbox 614 234 836 293; x_wconf 54' lang='lat'><strong>„15-</strong></span> 
     </span>
    </p>
   </div>
   <div class='ocr_carea' id='block_1_2' title="bbox 122 413 1309 2959">
    <p class='ocr_par' dir='ltr' id='par_1_2' title="bbox 126 413 1309 1458">
     <span class='ocr_line' id='line_1_2' title="bbox 133 413 1309 489; baseline 0.001 -17"><span class='ocrx_word' id='word_1_2' title='bbox 133 415 182 485; x_wconf 87' lang='lat' dir='ltr'><strong>ita,</strong></span> <span class='ocrx_word' id='word_1_3' title='bbox 211 424 243 471; x_wconf 92' lang='lat' dir='ltr'><strong>ut</strong></span> <span class='ocrx_word' id='word_1_4' title='bbox 266 414 358 471; x_wconf 84' lang='lat' dir='ltr'><strong>verba</strong></span> <span class='ocrx_word' id='word_1_5' title='bbox 381 425 508 472; x_wconf 89' lang='lat' dir='ltr'><strong>mutaret</strong></span> <span class='ocrx_word' id='word_1_6' title='bbox 530 424 558 472; x_wconf 90' lang='lat' dir='ltr'><strong>et</strong></span> <span class='ocrx_word' id='word_1_7' title='bbox 582 432 660 488; x_wconf 89' lang='lat' dir='ltr'><strong>quae</strong></span> <span class='ocrx_word' id='word_1_8' title='bbox 677 414 780 489; x_wconf 84' lang='lat' dir='ltr'>paucis</span> <span class='ocrx_word' id='word_1_9' title='bbox 805 414 854 471; x_wconf 90' lang='lat' dir='ltr'><strong>ille</strong></span> <span class='ocrx_word' id='word_1_10' title='bbox 872 413 987 471; x_wconf 80' lang='lat' dir='ltr'>dixerat</span> <span class='ocrx_word' id='word_1_11' title='bbox 1010 413 1108 472; x_wconf 86' lang='lat' dir='ltr'><strong>verbis</strong></span> <span class='ocrx_word' id='word_1_12' title='bbox 1125 431 1236 489; x_wconf 83' lang='lat' dir='ltr'><strong>magna</strong></span> <span class='ocrx_word' id='word_1_13' title='bbox 1259 413 1309 473; x_wconf 90' lang='lat' dir='ltr'><strong>ad·</strong></span> 
     </span>
     <span class='ocr_line' id='line_1_3' title="bbox 131 520 1308 596; baseline 0 -18"><span class='ocrx_word' id='word_1_14' title='bbox 131 522 230 579; x_wconf 81' lang='lat' dir='ltr'>hibita</span> <span class='ocrx_word' id='word_1_15' title='bbox 255 522 414 579; x_wconf 80' lang='lat' dir='ltr'><strong>verborum</strong></span> <span class='ocrx_word' id='word_1_16' title='bbox 439 521 529 596; x_wconf 87' lang='lat' dir='ltr'><strong>copia</strong></span> <span class='ocrx_word' id='word_1_17' title='bbox 553 520 740 595; x_wconf 76' lang='lat' dir='ltr'><strong>exprimeret.</strong></span> <span class='ocrx_word' id='word_1_18' title='bbox 788 521 860 579; x_wconf 91' lang='lat' dir='ltr'><strong>Una</strong></span> <span class='ocrx_word' id='word_1_19' title='bbox 883 530 996 578; x_wconf 88' lang='lat' dir='ltr'><strong>tantum</strong></span> <span class='ocrx_word' id='word_1_20' title='bbox 1022 539 1067 578; x_wconf 88' lang='lat' dir='ltr'><strong>res</strong></span> <span class='ocrx_word' id='word_1_21' title='bbox 1092 532 1145 590; x_wconf 83' lang='lat' dir='ltr'><strong>est,</strong></span> <span class='ocrx_word' id='word_1_22' title='bbox 1172 539 1232 596; x_wconf 90' lang='lat' dir='ltr'><strong>qua</strong></span> <span class='ocrx_word' id='word_1_23' title='bbox 1255 521 1308 578; x_wconf 85' lang='lat' dir='ltr'><strong>dif-</strong></span> 
     </span>
     <span class='ocr_line' id='line_1_4' title="bbox 131 628 1308 704; baseline -0.002 -17"><span class='ocrx_word' id='word_1_24' title='bbox 131 630 230 687; x_wconf 87' lang='lat' dir='ltr'><strong>lerunt</strong></span> <span class='ocrx_word' id='word_1_25' title='bbox 255 629 331 687; x_wconf 90' lang='lat' dir='ltr'><strong>inter</strong></span> <span class='ocrx_word' id='word_1_26' title='bbox 355 648 396 687; x_wconf 90' lang='lat' dir='ltr'><strong>se.</strong></span> <span class='ocrx_word' id='word_1_27' title='bbox 422 629 596 687; x_wconf 85' lang='lat' dir='ltr'><strong>Lactantius</strong></span> <span class='ocrx_word' id='word_1_28' title='bbox 621 629 701 685; x_wconf 88' lang='lat' dir='ltr'><strong>enirn</strong></span> <span class='ocrx_word' id='word_1_29' title='bbox 726 629 962 704; x_wconf 90' lang='lat' dir='ltr'><strong>praedones</strong></span> <span class='ocrx_word' id='word_1_30' title='bbox 996 629 1043 686; x_wconf 88' lang='lat' dir='ltr'><strong>ab</strong></span> <span class='ocrx_word' id='word_1_31' title='bbox 1077 628 1140 686; x_wconf 88' lang='lat' dir='ltr'><strong>ins</strong></span> <span class='ocrx_word' id='word_1_32' title='bbox 1154 646 1254 703; x_wconf 87' lang='lat' dir='ltr'><strong>eque</strong></span> <span class='ocrx_word' id='word_1_33' title='bbox 1267 648 1286 685; x_wconf 92' lang='lat' dir='ltr'><strong>n</strong></span> <span class='ocrx_word' id='word_1_34' title='bbox 1299 661 1308 670; x_wconf 95' lang='lat'>·</span> 
     </span>
     <span class='ocr_line' id='line_1_5' title="bbox 128 736 1308 812; baseline 0.001 -19"><span class='ocrx_word' id='word_1_35' title='bbox 128 738 247 794; x_wconf 90' lang='lat' dir='ltr'><strong>tibus</strong></span> <span class='ocrx_word' id='word_1_36' title='bbox 280 737 623 797; x_wconf 78' lang='lat' dir='ltr'><strong>Atheniensibus</strong></span> <span class='ocrx_word' id='word_1_37' title='bbox 657 754 888 812; x_wconf 89' lang='lat' dir='ltr'><strong>oppressos</strong></span> <span class='ocrx_word' id='word_1_38' title='bbox 922 755 1018 795; x_wconf 87' lang='lat' dir='ltr'><strong>esse</strong></span> <span class='ocrx_word' id='word_1_39' title='bbox 1042 736 1192 811; x_wconf 68' lang='lat' dir='ltr'><strong>perhibet:</strong></span> <span class='ocrx_word' id='word_1_40' title='bbox 1218 738 1308 794; x_wconf 88' lang='lat' dir='ltr'><strong>Hanc</strong></span> 
     </span>
     <span class='ocr_line' id='line_1_6' title="bbox 128 843 1307 930; baseline -0.001 -29"><span class='ocrx_word' id='word_1_41' title='bbox 128 856 233 903; x_wconf 90' lang='lat' dir='ltr'><strong>autem</strong></span> <span class='ocrx_word' id='word_1_42' title='bbox 250 845 371 904; x_wconf 85' lang='lat' dir='ltr'><strong>fabulae</strong></span> <span class='ocrx_word' id='word_1_43' title='bbox 394 856 509 920; x_wconf 88' lang='lat' dir='ltr'><strong>partem</strong></span> <span class='ocrx_word' id='word_1_44' title='bbox 534 846 573 903; x_wconf 92' lang='lat' dir='ltr'><strong>ab</strong></span> <span class='ocrx_word' id='word_1_45' title='bbox 593 863 630 903; x_wconf 91' lang='lat' dir='ltr'><strong>eo</strong></span> <span class='ocrx_word' id='word_1_46' title='bbox 654 845 720 919; x_wconf 89' lang='lat' dir='ltr'><strong>ipso</strong></span> <span class='ocrx_word' id='word_1_47' title='bbox 737 854 881 901; x_wconf 86' lang='lat' dir='ltr'><strong>mutatam</strong></span> <span class='ocrx_word' id='word_1_48' title='bbox 906 862 971 902; x_wconf 91' lang='lat' dir='ltr'><strong>esse</strong></span> <span class='ocrx_word' id='word_1_49' title='bbox 995 845 1101 914; x_wconf 87' lang='lat' dir='ltr'><strong>elucet,</strong></span> <span class='ocrx_word' id='word_1_50' title='bbox 1124 844 1237 930; x_wconf 80' lang='lat' dir='ltr'><strong>quippe</strong></span> <span class='ocrx_word' id='word_1_51' title='bbox 1259 843 1307 901; x_wconf 90' lang='lat' dir='ltr'><strong>cui</strong></span> 
     </span>
     <span class='ocr_line' id='line_1_7' title="bbox 128 950 1308 1027; baseline -0.001 -19"><span class='ocrx_word' id='word_1_52' title='bbox 128 971 145 1008; x_wconf 89' lang='lat' dir='ltr'><strong>a</strong></span> <span class='ocrx_word' id='word_1_53' title='bbox 171 953 240 1009; x_wconf 92' lang='lat' dir='ltr'><strong>solo</strong></span> <span class='ocrx_word' id='word_1_54' title='bbox 266 955 445 1027; x_wconf 89' lang='lat' dir='ltr'><strong>Hymenaeo</strong></span> <span class='ocrx_word' id='word_1_55' title='bbox 478 964 593 1012; x_wconf 84' lang='lat' dir='ltr'>tantam</span> <span class='ocrx_word' id='word_1_56' title='bbox 631 953 817 1027; x_wconf 89' lang='lat' dir='ltr'><strong>praedonum</strong></span> <span class='ocrx_word' id='word_1_57' title='bbox 853 952 1073 1010; x_wconf 87' lang='lat' dir='ltr'><strong>multitudinem</strong></span> <span class='ocrx_word' id='word_1_58' title='bbox 1102 950 1229 1009; x_wconf 85' lang='lat' dir='ltr'><strong>interfici</strong></span> <span class='ocrx_word' id='word_1_59' title='bbox 1256 969 1308 1026; x_wconf 93' lang='lat' dir='ltr'><strong>po-</strong></span> 
     </span>
     <span class='ocr_line' id='line_1_8' title="bbox 126 1055 1306 1136; baseline 0.001 -22"><span class='ocrx_word' id='word_1_60' title='bbox 126 1058 222 1116; x_wconf 85' lang='lat' dir='ltr'><strong>tuisse</strong></span> <span class='ocrx_word' id='word_1_61' title='bbox 253 1061 397 1118; x_wconf 83' lang='lat' dir='ltr'><strong>credibile</strong></span> <span class='ocrx_word' id='word_1_62' title='bbox 420 1079 482 1117; x_wconf 93' lang='lat' dir='ltr'><strong>non</strong></span> <span class='ocrx_word' id='word_1_63' title='bbox 506 1061 663 1118; x_wconf 90' lang='lat' dir='ltr'><strong>videretur.</strong></span> <span class='ocrx_word' id='word_1_64' title='bbox 681 1055 704 1136; x_wconf 79' lang='lat'><strong>¹)</strong></span> <span class='ocrx_word' id='word_1_65' title='bbox 752 1061 820 1116; x_wconf 89' lang='lat' dir='ltr'><strong>Hac</strong></span> <span class='ocrx_word' id='word_1_66' title='bbox 844 1059 883 1116; x_wconf 91' lang='lat' dir='ltr'><strong>de</strong></span> <span class='ocrx_word' id='word_1_67' title='bbox 907 1077 999 1116; x_wconf 90' lang='lat' dir='ltr'><strong>causa</strong></span> <span class='ocrx_word' id='word_1_68' title='bbox 1022 1057 1106 1114; x_wconf 84' lang='lat' dir='ltr'><strong>finxit</strong></span> <span class='ocrx_word' id='word_1_69' title='bbox 1130 1057 1241 1133; x_wconf 81' lang='lat' dir='ltr'><strong>piratas</strong></span> <span class='ocrx_word' id='word_1_70' title='bbox 1268 1058 1306 1115; x_wconf 89' lang='lat' dir='ltr'><strong>ab</strong></span> 
     </span>
     <span class='ocr_line' id='line_1_9' title="bbox 127 1165 1307 1243; baseline 0.001 -21"><span class='ocrx_word' id='word_1_71' title='bbox 127 1167 376 1235; x_wconf 76' lang='lat' dir='ltr'><strong>Atheniensibus,</strong></span> <span class='ocrx_word' id='word_1_72' title='bbox 403 1168 454 1243; x_wconf 92' lang='lat' dir='ltr'><strong>qui</strong></span> <span class='ocrx_word' id='word_1_73' title='bbox 477 1168 601 1225; x_wconf 90' lang='lat' dir='ltr'><strong>insecuti</strong></span> <span class='ocrx_word' id='word_1_74' title='bbox 622 1177 729 1235; x_wconf 87' lang='lat' dir='ltr'><strong>essent,</strong></span> <span class='ocrx_word' id='word_1_75' title='bbox 755 1165 926 1224; x_wconf 85' lang='lat' dir='ltr'><strong>interlectos</strong></span> <span class='ocrx_word' id='word_1_76' title='bbox 952 1184 1027 1235; x_wconf 85' lang='lat' dir='ltr'><strong>esse,</strong></span> <span class='ocrx_word' id='word_1_77' title='bbox 1052 1183 1114 1222; x_wconf 92' lang='lat' dir='ltr'><strong>non</strong></span> <span class='ocrx_word' id='word_1_78' title='bbox 1137 1165 1252 1235; x_wconf 82' lang='lat' dir='ltr'><strong>videns,</strong></span> <span class='ocrx_word' id='word_1_79' title='bbox 1271 1184 1307 1224; x_wconf 87' lang='lat' dir='ltr'><strong>ea</strong></span> 
     </span>
     <span class='ocr_line' id='line_1_10' title="bbox 126 1272 1304 1350; baseline -0.001 -21"><span class='ocrx_word' id='word_1_80' title='bbox 126 1274 150 1330; x_wconf 87' lang='lat' dir='ltr'><strong>si</strong></span> <span class='ocrx_word' id='word_1_81' title='bbox 178 1285 260 1332; x_wconf 86' lang='lat' dir='ltr'><strong>esset</strong></span> <span class='ocrx_word' id='word_1_82' title='bbox 284 1275 396 1344; x_wconf 86' lang='lat' dir='ltr'><strong>sabula,</strong></span> <span class='ocrx_word' id='word_1_83' title='bbox 423 1275 593 1349; x_wconf 82' lang='lat' dir='ltr'><strong>Hymenaei</strong></span> <span class='ocrx_word' id='word_1_84' title='bbox 617 1273 851 1350; x_wconf 84' lang='lat' dir='ltr'><strong>postulationem</strong></span> <span class='ocrx_word' id='word_1_85' title='bbox 882 1292 947 1331; x_wconf 87' lang='lat' dir='ltr'><strong>esse</strong></span> <span class='ocrx_word' id='word_1_86' title='bbox 978 1273 1145 1343; x_wconf 89' lang='lat' dir='ltr'><strong>ridendam,</strong></span> <span class='ocrx_word' id='word_1_87' title='bbox 1172 1292 1239 1330; x_wconf 89' lang='lat' dir='ltr'><strong>eum</strong></span> <span class='ocrx_word' id='word_1_88' title='bbox 1275 1272 1304 1342; x_wconf 91' lang='lat' dir='ltr'><strong>ii,</strong></span> 
     </span>
     <span class='ocr_line' id='line_1_11' title="bbox 126 1381 1042 1458; baseline 0.002 -22"><span class='ocrx_word' id='word_1_89' title='bbox 126 1381 179 1456; x_wconf 88' lang='lat' dir='ltr'><strong>qui</strong></span> <span class='ocrx_word' id='word_1_90' title='bbox 205 1381 333 1440; x_wconf 89' lang='lat' dir='ltr'><strong>insecuti</strong></span> <span class='ocrx_word' id='word_1_91' title='bbox 357 1393 451 1452; x_wconf 89' lang='lat' dir='ltr'><strong>erant,</strong></span> <span class='ocrx_word' id='word_1_92' title='bbox 477 1383 610 1458; x_wconf 87' lang='lat' dir='ltr'><strong>patribus</strong></span> <span class='ocrx_word' id='word_1_93' title='bbox 635 1382 711 1439; x_wconf 83' lang='lat' dir='ltr'><strong>filias</strong></span> <span class='ocrx_word' id='word_1_94' title='bbox 735 1383 843 1439; x_wconf 85' lang='lat' dir='ltr'><strong>referre</strong></span> <span class='ocrx_word' id='word_1_95' title='bbox 867 1381 1042 1456; x_wconf 88' lang='lat' dir='ltr'><strong>potuissent.</strong></span> 
     </span>
    </p>

    <p class='ocr_par' dir='ltr' id='par_1_3' title="bbox 125 1487 1305 1877">
     <span class='ocr_line' id='line_1_12' title="bbox 237 1487 1304 1564; baseline 0.001 -20"><span class='ocrx_word' id='word_1_96' title='bbox 237 1489 282 1544; x_wconf 85' lang='lat' dir='ltr'><strong>Ex</strong></span> <span class='ocrx_word' id='word_1_97' title='bbox 306 1487 464 1547; x_wconf 85' lang='lat' dir='ltr'><strong>Lactantio</strong></span> <span class='ocrx_word' id='word_1_98' title='bbox 489 1499 607 1564; x_wconf 87' lang='lat' dir='ltr'><strong>sumpta</strong></span> <span class='ocrx_word' id='word_1_99' title='bbox 631 1498 698 1545; x_wconf 89' lang='lat' dir='ltr'><strong>sunt</strong></span> <span class='ocrx_word' id='word_1_100' title='bbox 734 1506 812 1562; x_wconf 71' lang='lat' dir='ltr'><strong>cquae</strong></span> <span class='ocrx_word' id='word_1_101' title='bbox 848 1488 985 1563; x_wconf 84' lang='lat' dir='ltr'><strong>leguntur</strong></span> <span class='ocrx_word' id='word_1_102' title='bbox 1020 1488 1101 1562; x_wconf 87' lang='lat' dir='ltr'><strong>apud</strong></span> <span class='ocrx_word' id='word_1_103' title='bbox 1137 1487 1304 1562; x_wconf 83' lang='lat' dir='ltr'><strong>mythogra-</strong></span> 
     </span>
     <span class='ocr_line' id='line_1_13' title="bbox 126 1594 1304 1670; baseline 0 -19"><span class='ocrx_word' id='word_1_104' title='bbox 126 1598 205 1670; x_wconf 93' lang='lat' dir='ltr'><strong>phos</strong></span> <span class='ocrx_word' id='word_1_105' title='bbox 242 1595 408 1654; x_wconf 88' lang='lat' dir='ltr'><strong>Vaticanos</strong></span> <span class='ocrx_word' id='word_1_106' title='bbox 441 1597 524 1669; x_wconf 84' lang='lat'>175,</span> <span class='ocrx_word' id='word_1_107' title='bbox 557 1596 876 1669; x_wconf 28' lang='lat'>110219,&lt;11111‚3.</span> <span class='ocrx_word' id='word_1_108' title='bbox 924 1596 970 1651; x_wconf 88' lang='lat' dir='ltr'><strong>Ac</strong></span> <span class='ocrx_word' id='word_1_109' title='bbox 1005 1594 1117 1669; x_wconf 91' lang='lat' dir='ltr'><strong>primus</strong></span> <span class='ocrx_word' id='word_1_110' title='bbox 1153 1594 1304 1652; x_wconf 85' lang='lat' dir='ltr'><strong>Lactantii</strong></span> 
     </span>
     <span class='ocr_line' id='line_1_14' title="bbox 126 1701 1305 1777; baseline 0 -19"><span class='ocrx_word' id='word_1_111' title='bbox 126 1703 221 1760; x_wconf 87' lang='lat' dir='ltr'><strong>verba</strong></span> <span class='ocrx_word' id='word_1_112' title='bbox 245 1703 329 1760; x_wconf 88' lang='lat' dir='ltr'><strong>affert</strong></span> <span class='ocrx_word' id='word_1_113' title='bbox 352 1702 433 1760; x_wconf 89' lang='lat' dir='ltr'><strong>haud</strong></span> <span class='ocrx_word' id='word_1_114' title='bbox 457 1712 579 1771; x_wconf 79' lang='lat' dir='ltr'><strong>mutata,</strong></span> <span class='ocrx_word' id='word_1_115' title='bbox 605 1702 679 1759; x_wconf 89' lang='lat' dir='ltr'><strong>alter</strong></span> <span class='ocrx_word' id='word_1_116' title='bbox 701 1719 772 1758; x_wconf 78' lang='lat' dir='ltr'><strong>vero</strong></span> <span class='ocrx_word' id='word_1_117' title='bbox 796 1711 825 1758; x_wconf 86' lang='lat' dir='ltr'><strong>et</strong></span> <span class='ocrx_word' id='word_1_118' title='bbox 849 1701 950 1758; x_wconf 90' lang='lat' dir='ltr'><strong>tertius</strong></span> <span class='ocrx_word' id='word_1_119' title='bbox 983 1719 1059 1776; x_wconf 87' lang='lat' dir='ltr'><strong>qnae</strong></span> <span class='ocrx_word' id='word_1_120' title='bbox 1095 1701 1175 1776; x_wconf 91' lang='lat' dir='ltr'><strong>apud</strong></span> <span class='ocrx_word' id='word_1_121' title='bbox 1200 1701 1305 1777; x_wconf 84' lang='lat' dir='ltr'><strong>Vergi-</strong></span> 
     </span>
     <span class='ocr_line' id='line_1_15' title="bbox 125 1809 1246 1877; baseline 0.001 -11"><span class='ocrx_word' id='word_1_122' title='bbox 125 1811 156 1867; x_wconf 90' lang='lat' dir='ltr'><strong>lii</strong></span> <span class='ocrx_word' id='word_1_123' title='bbox 183 1821 452 1868; x_wconf 89' lang='lat' dir='ltr'><strong>commentatorem</strong></span> <span class='ocrx_word' id='word_1_124' title='bbox 477 1821 506 1868; x_wconf 90' lang='lat' dir='ltr'><strong>et</strong></span> <span class='ocrx_word' id='word_1_125' title='bbox 530 1810 720 1867; x_wconf 78' lang='lat' dir='ltr'><strong>lactantium</strong></span> <span class='ocrx_word' id='word_1_126' title='bbox 746 1809 930 1877; x_wconf 86' lang='lat' dir='ltr'><strong>invenerant,</strong></span> <span class='ocrx_word' id='word_1_127' title='bbox 956 1809 1246 1868; x_wconf 88' lang='lat' dir='ltr'><strong>contaminaverunt.</strong></span> 
     </span>
    </p>

    <p class='ocr_par' dir='ltr' id='par_1_4' title="bbox 122 1916 1304 2851">
     <span class='ocr_line' id='line_1_16' title="bbox 235 1916 1304 1992; baseline -0.001 -17"><span class='ocrx_word' id='word_1_128' title='bbox 235 1917 362 1975; x_wconf 86' lang='lat' dir='ltr'><strong>Videtur</strong></span> <span class='ocrx_word' id='word_1_129' title='bbox 385 1927 484 1975; x_wconf 90' lang='lat' dir='ltr'><strong>autem</strong></span> <span class='ocrx_word' id='word_1_130' title='bbox 508 1918 584 1975; x_wconf 87' lang='lat' dir='ltr'><strong>haec</strong></span> <span class='ocrx_word' id='word_1_131' title='bbox 608 1917 728 1974; x_wconf 79' lang='lat' dir='ltr'><strong>fabulae</strong></span> <span class='ocrx_word' id='word_1_132' title='bbox 752 1916 884 1973; x_wconf 87' lang='lat' dir='ltr'><strong>narratio</strong></span> <span class='ocrx_word' id='word_1_133' title='bbox 908 1917 1035 1991; x_wconf 90' lang='lat' dir='ltr'><strong>repetita</strong></span> <span class='ocrx_word' id='word_1_134' title='bbox 1058 1935 1124 1974; x_wconf 89' lang='lat' dir='ltr'><strong>esse</strong></span> <span class='ocrx_word' id='word_1_135' title='bbox 1152 1935 1187 1974; x_wconf 83' lang='lat' dir='ltr'><strong>ex</strong></span> <span class='ocrx_word' id='word_1_136' title='bbox 1206 1916 1304 1992; x_wconf 85' lang='lat' dir='ltr'><strong>elegia</strong></span> 
     </span>
     <span class='ocr_line' id='line_1_17' title="bbox 126 2023 1303 2099; baseline 0 -17"><span class='ocrx_word' id='word_1_137' title='bbox 126 2024 324 2082; x_wconf 72' lang='lat' dir='ltr'><strong>Alexandrini</strong></span> <span class='ocrx_word' id='word_1_138' title='bbox 348 2024 503 2082; x_wconf 89' lang='lat' dir='ltr'><strong>cuiusdam</strong></span> <span class='ocrx_word' id='word_1_139' title='bbox 529 2034 646 2099; x_wconf 88' lang='lat' dir='ltr'><strong>poetae,</strong></span> <span class='ocrx_word' id='word_1_140' title='bbox 672 2033 701 2081; x_wconf 91' lang='lat' dir='ltr'><strong>et</strong></span> <span class='ocrx_word' id='word_1_141' title='bbox 725 2041 793 2080; x_wconf 89' lang='lat' dir='ltr'><strong>cum</strong></span> <span class='ocrx_word' id='word_1_142' title='bbox 816 2023 848 2079; x_wconf 91' lang='lat' dir='ltr'><strong>in</strong></span> <span class='ocrx_word' id='word_1_143' title='bbox 872 2025 931 2081; x_wconf 88' lang='lat' dir='ltr'><strong>fine</strong></span> <span class='ocrx_word' id='word_1_144' title='bbox 948 2024 1187 2083; x_wconf 89' lang='lat' dir='ltr'><strong>narratiunculae</strong></span> <span class='ocrx_word' id='word_1_145' title='bbox 1211 2043 1303 2099; x_wconf 91' lang='lat' dir='ltr'><strong>appo-</strong></span> 
     </span>
     <span class='ocr_line' id='line_1_18' title="bbox 125 2127 1300 2211; baseline -0.002 -21"><span class='ocrx_word' id='word_1_146' title='bbox 125 2134 182 2190; x_wconf 89' lang='lat' dir='ltr'><strong>sita</strong></span> <span class='ocrx_word' id='word_1_147' title='bbox 222 2132 260 2189; x_wconf 86' lang='lat' dir='ltr'><strong>sit</strong></span> <span class='ocrx_word' id='word_1_148' title='bbox 297 2132 389 2189; x_wconf 86' lang='lat' dir='ltr'><strong>moris</strong></span> <span class='ocrx_word' id='word_1_149' title='bbox 426 2132 597 2206; x_wconf 90' lang='lat' dir='ltr'><strong>nuptiarum</strong></span> <span class='ocrx_word' id='word_1_150' title='bbox 637 2134 749 2193; x_wconf 74' lang='lat' dir='ltr'><strong>alala:</strong></span> <span class='ocrx_word' id='word_1_151' title='bbox 790 2127 875 2205; x_wconf 78' lang='lat' dir='ltr'><strong>qaod</strong></span> <span class='ocrx_word' id='word_1_152' title='bbox 915 2128 1096 2209; x_wconf 72' lang='lat' dir='ltr'><strong>eoltr&#39;upiron</strong></span> <span class='ocrx_word' id='word_1_153' title='bbox 1124 2129 1201 2211; x_wconf 76' lang='lat' dir='ltr'><strong>qnia</strong></span> <span class='ocrx_word' id='word_1_154' title='bbox 1233 2142 1300 2200; x_wconf 80' lang='lat' dir='ltr'><strong>etc,</strong></span> 
     </span>
     <span class='ocr_line' id='line_1_19' title="bbox 125 2236 1301 2314; baseline 0.001 -18"><span class='ocrx_word' id='word_1_155' title='bbox 125 2240 195 2297; x_wconf 89' lang='lat' dir='ltr'><strong>licet</strong></span> <span class='ocrx_word' id='word_1_156' title='bbox 219 2257 293 2296; x_wconf 89' lang='lat' dir='ltr'><strong>sane</strong></span> <span class='ocrx_word' id='word_1_157' title='bbox 317 2238 462 2314; x_wconf 86' lang='lat' dir='ltr'><strong>suspicari</strong></span> <span class='ocrx_word' id='word_1_158' title='bbox 487 2239 621 2296; x_wconf 78' lang='lat' dir='ltr'><strong>fabulam</strong></span> <span class='ocrx_word' id='word_1_159' title='bbox 653 2237 743 2294; x_wconf 84' lang='lat' dir='ltr'><strong>fuisse</strong></span> <span class='ocrx_word' id='word_1_160' title='bbox 774 2236 941 2311; x_wconf 83' lang='lat' dir='ltr'><strong>expositam</strong></span> <span class='ocrx_word' id='word_1_161' title='bbox 972 2237 1002 2294; x_wconf 89' lang='lat' dir='ltr'><strong>in</strong></span> <span class='ocrx_word' id='word_1_162' title='bbox 1038 2238 1135 2313; x_wconf 85' lang='lat' dir='ltr'><strong>elegia</strong></span> <span class='ocrx_word' id='word_1_163' title='bbox 1170 2239 1301 2313; x_wconf 86' lang='lat' dir='ltr'><strong>quadam</strong></span> 
     </span>
     <span class='ocr_line' id='line_1_20' title="bbox 125 2344 1301 2418; baseline -0.001 -15"><span class='ocrx_word' id='word_1_164' title='bbox 125 2347 280 2403; x_wconf 88' lang='lat' dir='ltr'><strong>simillima</strong></span> <span class='ocrx_word' id='word_1_165' title='bbox 304 2348 420 2408; x_wconf 72' lang='grc' dir='ltr'><strong><em>αἰτίων</em></strong></span> <span class='ocrx_word' id='word_1_166' title='bbox 444 2344 622 2403; x_wconf 88' lang='lat' dir='ltr'><strong>Callimachi</strong></span> <span class='ocrx_word' id='word_1_167' title='bbox 647 2344 709 2401; x_wconf 89' lang='lat' dir='ltr'><strong>sive</strong></span> <span class='ocrx_word' id='word_1_168' title='bbox 734 2363 751 2401; x_wconf 90' lang='lat' dir='ltr'><strong>a</strong></span> <span class='ocrx_word' id='word_1_169' title='bbox 775 2344 962 2402; x_wconf 87' lang='lat' dir='ltr'><strong>Callimacho</strong></span> <span class='ocrx_word' id='word_1_170' title='bbox 997 2344 1063 2418; x_wconf 85' lang='lat' dir='ltr'><strong>ipso</strong></span> <span class='ocrx_word' id='word_1_171' title='bbox 1088 2345 1150 2403; x_wconf 87' lang='lat' dir='ltr'><strong>sive</strong></span> <span class='ocrx_word' id='word_1_172' title='bbox 1178 2345 1217 2403; x_wconf 89' lang='lat' dir='ltr'><strong>ab</strong></span> <span class='ocrx_word' id='word_1_173' title='bbox 1242 2346 1301 2402; x_wconf 90' lang='lat' dir='ltr'><strong>alio</strong></span> 
     </span>
     <span class='ocr_line' id='line_1_21' title="bbox 124 2450 1300 2530; baseline -0.002 -18"><span class='ocrx_word' id='word_1_174' title='bbox 124 2465 225 2530; x_wconf 90' lang='lat' dir='ltr'><strong>poeta.</strong></span> <span class='ocrx_word' id='word_1_175' title='bbox 265 2455 340 2512; x_wconf 91' lang='lat' dir='ltr'><strong>Orta</strong></span> <span class='ocrx_word' id='word_1_176' title='bbox 364 2463 407 2510; x_wconf 88' lang='lat' dir='ltr'><strong>est</strong></span> <span class='ocrx_word' id='word_1_177' title='bbox 437 2453 540 2510; x_wconf 74' lang='lat' dir='ltr'><strong>tabida</strong></span> <span class='ocrx_word' id='word_1_178' title='bbox 574 2452 637 2509; x_wconf 91' lang='lat' dir='ltr'><strong>sine</strong></span> <span class='ocrx_word' id='word_1_179' title='bbox 671 2450 764 2509; x_wconf 90' lang='lat' dir='ltr'><strong>dubio</strong></span> <span class='ocrx_word' id='word_1_180' title='bbox 788 2451 914 2509; x_wconf 81' lang='lat' dir='ltr'><strong>Athenis</strong></span> <span class='ocrx_word' id='word_1_181' title='bbox 938 2485 982 2493; x_wconf 93' lang='lat'><strong>--</strong></span> <span class='ocrx_word' id='word_1_182' title='bbox 1006 2463 1050 2510; x_wconf 87' lang='lat' dir='ltr'><strong>est</strong></span> <span class='ocrx_word' id='word_1_183' title='bbox 1085 2452 1164 2509; x_wconf 91' lang='lat' dir='ltr'><strong>enim</strong></span> <span class='ocrx_word' id='word_1_184' title='bbox 1189 2454 1300 2526; x_wconf 88' lang='lat' dir='ltr'><strong>Hyme-</strong></span> 
     </span>
     <span class='ocr_line' id='line_1_22' title="bbox 123 2553 1299 2636; baseline -0.003 -16"><span class='ocrx_word' id='word_1_185' title='bbox 123 2581 216 2620; x_wconf 89' lang='lat' dir='ltr'><strong>naeus</strong></span> <span class='ocrx_word' id='word_1_186' title='bbox 242 2561 292 2619; x_wconf 92' lang='lat' dir='ltr'><strong>ille</strong></span> <span class='ocrx_word' id='word_1_187' title='bbox 315 2561 507 2619; x_wconf 89' lang='lat' dir='ltr'><strong>Atheniensis</strong></span> <span class='ocrx_word' id='word_1_188' title='bbox 531 2561 707 2633; x_wconf 79' lang='lat' dir='ltr'><strong>Atticosque</strong></span> <span class='ocrx_word' id='word_1_189' title='bbox 743 2558 851 2617; x_wconf 87' lang='lat' dir='ltr'><strong>liberat</strong></span> <span class='ocrx_word' id='word_1_190' title='bbox 886 2559 1014 2634; x_wconf 86' lang='lat' dir='ltr'><strong>virgines</strong></span> <span class='ocrx_word' id='word_1_191' title='bbox 1025 2553 1048 2636; x_wconf 68' lang='lat'><strong>²)</strong></span> <span class='ocrx_word' id='word_1_192' title='bbox 1074 2594 1115 2601; x_wconf 81' lang='lat'>—</span> <span class='ocrx_word' id='word_1_193' title='bbox 1139 2569 1299 2634; x_wconf 89' lang='lat' dir='ltr'><strong>postquam</strong></span> 
     </span>
     <span class='ocr_line' id='line_1_23' title="bbox 123 2665 1299 2743; baseline -0.003 -17"><span class='ocrx_word' id='word_1_194' title='bbox 123 2670 266 2743; x_wconf 89' lang='lat' dir='ltr'><strong>mysteria</strong></span> <span class='ocrx_word' id='word_1_195' title='bbox 290 2668 443 2726; x_wconf 87' lang='lat' dir='ltr'><strong>Eleusinia</strong></span> <span class='ocrx_word' id='word_1_196' title='bbox 466 2687 608 2743; x_wconf 80' lang='lat' dir='ltr'><strong>riragnam</strong></span> <span class='ocrx_word' id='word_1_197' title='bbox 632 2676 722 2724; x_wconf 90' lang='lat' dir='ltr'><strong>nacta</strong></span> <span class='ocrx_word' id='word_1_198' title='bbox 752 2676 819 2723; x_wconf 88' lang='lat' dir='ltr'><strong>sunt</strong></span> <span class='ocrx_word' id='word_1_199' title='bbox 844 2665 1051 2723; x_wconf 88' lang='lat' dir='ltr'><strong>anctoritatem</strong></span> <span class='ocrx_word' id='word_1_200' title='bbox 1086 2666 1116 2722; x_wconf 93' lang='lat' dir='ltr'><strong>in</strong></span> <span class='ocrx_word' id='word_1_201' title='bbox 1152 2667 1299 2742; x_wconf 85' lang='lat' dir='ltr'><strong>coniugiis</strong></span> 
     </span>
     <span class='ocr_line' id='line_1_24' title="bbox 122 2775 505 2851; baseline 0.003 -19"><span class='ocrx_word' id='word_1_202' title='bbox 122 2777 332 2851; x_wconf 85' lang='lat' dir='ltr'><strong>similibusque</strong></span> <span class='ocrx_word' id='word_1_203' title='bbox 356 2775 505 2833; x_wconf 87' lang='lat' dir='ltr'><strong>institutis.</strong></span> 
     </span>
    </p>

    <p class='ocr_par' dir='ltr' id='par_1_5' title="bbox 684 2902 736 2959">
     <span class='ocr_line' id='line_1_25' title="bbox 684 2902 736 2959; baseline -0.038 0"><span class='ocrx_word' id='word_1_204' title='bbox 684 2902 736 2959; x_wconf 89' lang='lat' dir='ltr'><strong>IV.</strong></span> 
     </span>
    </p>
   </div>
   <div class='ocr_carea' id='block_1_3' title="bbox 122 3012 1294 3209">
    <p class='ocr_par' dir='ltr' id='par_1_6' title="bbox 122 3012 1294 3209">
     <span class='ocr_line' id='line_1_26' title="bbox 230 3012 1294 3100; baseline 0.001 -16"><span class='ocrx_word' id='word_1_205' title='bbox 230 3028 336 3084; x_wconf 85' lang='lat' dir='ltr'><strong>Restat</strong></span> <span class='ocrx_word' id='word_1_206' title='bbox 360 3038 390 3085; x_wconf 90' lang='lat' dir='ltr'><strong>ut</strong></span> <span class='ocrx_word' id='word_1_207' title='bbox 414 3027 452 3086; x_wconf 91' lang='lat' dir='ltr'><strong>de</strong></span> <span class='ocrx_word' id='word_1_208' title='bbox 476 3027 511 3084; x_wconf 93' lang='lat' dir='ltr'><strong>iis</strong></span> <span class='ocrx_word' id='word_1_209' title='bbox 535 3027 644 3084; x_wconf 87' lang='lat' dir='ltr'><strong>fabulis</strong></span> <span class='ocrx_word' id='word_1_210' title='bbox 668 3027 761 3085; x_wconf 89' lang='lat' dir='ltr'><strong>verba</strong></span> <span class='ocrx_word' id='word_1_211' title='bbox 777 3012 933 3095; x_wconf 79' lang='lat' dir='ltr'><strong>faciamus,</strong></span> <span class='ocrx_word' id='word_1_212' title='bbox 960 3044 1037 3100; x_wconf 91' lang='lat' dir='ltr'><strong>quae</strong></span> <span class='ocrx_word' id='word_1_213' title='bbox 1063 3027 1092 3082; x_wconf 91' lang='lat' dir='ltr'>H</span> <span class='ocrx_word' id='word_1_214' title='bbox 1100 3044 1294 3100; x_wconf 85' lang='lat' dir='ltr'><strong>ymenae-</strong></span> 
     </span>
     <span class='ocr_line' id='line_1_27' title="bbox 122 3133 999 3209; baseline -0.002 -17"><span class='ocrx_word' id='word_1_215' title='bbox 122 3154 178 3192; x_wconf 90' lang='lat' dir='ltr'><strong>um</strong></span> <span class='ocrx_word' id='word_1_216' title='bbox 211 3134 371 3192; x_wconf 84' lang='lat' dir='ltr'><strong>Bacchi</strong></span> <span class='ocrx_word' id='word_1_217' title='bbox 400 3134 669 3209; x_wconf 85' lang='lat' dir='ltr'><strong>Venerisque</strong></span> <span class='ocrx_word' id='word_1_218' title='bbox 701 3134 840 3191; x_wconf 86' lang='lat' dir='ltr'><strong>filium</strong></span> <span class='ocrx_word' id='word_1_219' title='bbox 871 3133 999 3190; x_wconf 88' lang='lat' dir='ltr'><strong>tradant.</strong></span> 
     </span>
    </p>
   </div>
   <div class='ocr_carea' id='block_1_4' title="bbox 230 3237 1165 3327">
    <p class='ocr_par' dir='ltr' id='par_1_7' title="bbox 230 3237 1165 3327">
     <span class='ocr_line' id='line_1_28' title="bbox 230 3237 1165 3327; baseline 0.002 -27"><span class='ocrx_word' id='word_1_220' title='bbox 230 3241 361 3300; x_wconf 85' lang='lat' dir='ltr'><strong>Primum</strong></span> <span class='ocrx_word' id='word_1_221' title='bbox 386 3244 466 3318; x_wconf 90' lang='lat' dir='ltr'><strong>apud</strong></span> <span class='ocrx_word' id='word_1_222' title='bbox 491 3244 638 3302; x_wconf 88' lang='lat' dir='ltr'><strong>Senecam</strong></span> <span class='ocrx_word' id='word_1_223' title='bbox 649 3237 671 3327; x_wconf 85' lang='grc'><strong>3)</strong></span> <span class='ocrx_word' id='word_1_224' title='bbox 697 3244 735 3302; x_wconf 92' lang='lat' dir='ltr'><strong>de</strong></span> <span class='ocrx_word' id='word_1_225' title='bbox 759 3243 879 3300; x_wconf 89' lang='lat' dir='ltr'><strong>Baccho</strong></span> <span class='ocrx_word' id='word_1_226' title='bbox 905 3252 988 3316; x_wconf 88' lang='lat' dir='ltr'><strong>patre</strong></span> <span class='ocrx_word' id='word_1_227' title='bbox 1012 3241 1165 3302; x_wconf 88' lang='lat' dir='ltr'><strong>audimus:</strong></span> 
     </span>
    </p>
   </div>
   <div class='ocr_carea' id='block_1_5' title="bbox 120 3541 1294 4418">
    <p class='ocr_par' dir='ltr' id='par_1_8' title="bbox 120 3541 1294 3877">
     <span class='ocr_line' id='line_1_29' title="bbox 231 3541 1293 3610; baseline 0.001 -18"><span class='ocrx_word' id='word_1_228' title='bbox 231 3542 251 3610; x_wconf 89' lang='lat'><strong>¹)</strong></span> <span class='ocrx_word' id='word_1_229' title='bbox 271 3545 367 3593; x_wconf 83' lang='lat' dir='ltr'><strong>Eadem</strong></span> <span class='ocrx_word' id='word_1_230' title='bbox 394 3545 426 3594; x_wconf 84' lang='lat' dir='ltr'><strong>(le</strong></span> <span class='ocrx_word' id='word_1_231' title='bbox 445 3561 520 3594; x_wconf 87' lang='lat' dir='ltr'><strong>causa</strong></span> <span class='ocrx_word' id='word_1_232' title='bbox 545 3544 688 3592; x_wconf 85' lang='lat' dir='ltr'><strong>Koehlerus</strong></span> <span class='ocrx_word' id='word_1_233' title='bbox 707 3559 806 3608; x_wconf 90' lang='lat' dir='ltr'><strong>quoque</strong></span> <span class='ocrx_word' id='word_1_234' title='bbox 825 3543 842 3598; x_wconf 86' lang='lat' dir='ltr'><strong>l,</strong></span> <span class='ocrx_word' id='word_1_235' title='bbox 862 3542 879 3596; x_wconf 87' lang='lat' dir='ltr'><strong>l.</strong></span> <span class='ocrx_word' id='word_1_236' title='bbox 902 3541 919 3609; x_wconf 68' lang='grc' dir='ltr'>ξ</span> <span class='ocrx_word' id='word_1_237' title='bbox 939 3556 964 3604; x_wconf 80' lang='lat'><strong>9,</strong></span> <span class='ocrx_word' id='word_1_238' title='bbox 983 3541 1049 3591; x_wconf 89' lang='lat' dir='ltr'><strong>hane</strong></span> <span class='ocrx_word' id='word_1_239' title='bbox 1076 3550 1197 3592; x_wconf 89' lang='lat' dir='ltr'><strong>mutatam</strong></span> <span class='ocrx_word' id='word_1_240' title='bbox 1223 3541 1293 3593; x_wconf 83' lang='lat' dir='ltr'><strong>sahu-</strong></span> 
     </span>
     <span class='ocr_line' id='line_1_30' title="bbox 120 3632 1294 3697; baseline 0.001 -17"><span class='ocrx_word' id='word_1_241' title='bbox 120 3634 316 3697; x_wconf 86' lang='lat' dir='ltr'><strong>lampraet&#39;ert:</strong></span> <span class='ocrx_word' id='word_1_242' title='bbox 346 3643 509 3684; x_wconf 88' lang='lat' dir='ltr'><strong>attamen</strong></span> <span class='ocrx_word' id='word_1_243' title='bbox 545 3633 635 3682; x_wconf 90' lang='lat' dir='ltr'><strong>mihi</strong></span> <span class='ocrx_word' id='word_1_244' title='bbox 661 3634 809 3697; x_wconf 88' lang='lat' dir='ltr'><strong>quidem</strong></span> <span class='ocrx_word' id='word_1_245' title='bbox 843 3632 913 3681; x_wconf 91' lang='lat' dir='ltr'><strong>illa</strong></span> <span class='ocrx_word' id='word_1_246' title='bbox 936 3632 1134 3681; x_wconf 88' lang='lat' dir='ltr'><strong>Laetantii</strong></span> <span class='ocrx_word' id='word_1_247' title='bbox 1166 3633 1294 3682; x_wconf 89' lang='lat' dir='ltr'><strong>sabula</strong></span> 
     </span>
     <span class='ocr_line' id='line_1_31' title="bbox 121 3724 1291 3792; baseline 0.003 -23"><span class='ocrx_word' id='word_1_248' title='bbox 121 3725 416 3774; x_wconf 78' lang='lat' dir='ltr'><strong>verosimillima</strong></span> <span class='ocrx_word' id='word_1_249' title='bbox 448 3725 615 3782; x_wconf 84' lang='lat' dir='ltr'><strong>videtur;</strong></span> <span class='ocrx_word' id='word_1_250' title='bbox 661 3724 897 3773; x_wconf 89' lang='lat' dir='ltr'><strong>incredibile</strong></span> <span class='ocrx_word' id='word_1_251' title='bbox 932 3724 1028 3773; x_wconf 88' lang='lat' dir='ltr'><strong>enim</strong></span> <span class='ocrx_word' id='word_1_252' title='bbox 1065 3739 1178 3787; x_wconf 88' lang='lat' dir='ltr'><strong>prope</strong></span> <span class='ocrx_word' id='word_1_253' title='bbox 1217 3731 1291 3792; x_wconf 67' lang='lat' dir='ltr'><strong>est,</strong></span> 
     </span>
     <span class='ocr_line' id='line_1_32' title="bbox 120 3813 1119 3877; baseline 0.003 -18"><span class='ocrx_word' id='word_1_254' title='bbox 120 3813 369 3876; x_wconf 79' lang='lat' dir='ltr'><strong>Hymenaeum</strong></span> <span class='ocrx_word' id='word_1_255' title='bbox 397 3815 504 3864; x_wconf 87' lang='lat' dir='ltr'><strong>solum</strong></span> <span class='ocrx_word' id='word_1_256' title='bbox 533 3814 785 3864; x_wconf 87' lang='lat' dir='ltr'><strong>interfecisse</strong></span> <span class='ocrx_word' id='word_1_257' title='bbox 813 3830 936 3863; x_wconf 88' lang='lat' dir='ltr'><strong>omnes</strong></span> <span class='ocrx_word' id='word_1_258' title='bbox 964 3813 1119 3877; x_wconf 88' lang='lat' dir='ltr'><strong>piratas,</strong></span> 
     </span>
    </p>

    <p class='ocr_par' dir='ltr' id='par_1_9' title="bbox 120 3899 1291 4319">
     <span class='ocr_line' id='line_1_33' title="bbox 229 3899 1291 3969; baseline 0.001 -19"><span class='ocrx_word' id='word_1_259' title='bbox 229 3899 249 3969; x_wconf 67' lang='lat'><strong>⁹)</strong></span> <span class='ocrx_word' id='word_1_260' title='bbox 270 3903 399 3969; x_wconf 60' lang='lat' dir='ltr'><strong>Prellerrrs,</strong></span> <span class='ocrx_word' id='word_1_261' title='bbox 414 3921 451 3967; x_wconf 81' lang='lat' dir='ltr'><strong>gr,</strong></span> <span class='ocrx_word' id='word_1_262' title='bbox 474 3904 510 3959; x_wconf 83' lang='lat' dir='ltr'><strong>M,</strong></span> <span class='ocrx_word' id='word_1_263' title='bbox 525 3903 550 3952; x_wconf 88' lang='grc' dir='ltr'><strong>ΙΙ</strong></span> <span class='ocrx_word' id='word_1_264' title='bbox 568 3920 593 3967; x_wconf 90' lang='lat' dir='ltr'><strong>p.</strong></span> <span class='ocrx_word' id='word_1_265' title='bbox 615 3916 669 3965; x_wconf 86' lang='lat'><strong>490</strong></span> <span class='ocrx_word' id='word_1_266' title='bbox 687 3904 753 3952; x_wconf 90' lang='lat' dir='ltr'><strong>hanc</strong></span> <span class='ocrx_word' id='word_1_267' title='bbox 768 3916 792 3952; x_wconf 88' lang='lat' dir='ltr'><strong>et·</strong></span> <span class='ocrx_word' id='word_1_268' title='bbox 810 3920 886 3968; x_wconf 89' lang='lat' dir='ltr'><strong>quam</strong></span> <span class='ocrx_word' id='word_1_269' title='bbox 905 3911 962 3952; x_wconf 89' lang='lat' dir='ltr'><strong>ante</strong></span> <span class='ocrx_word' id='word_1_270' title='bbox 981 3902 1089 3951; x_wconf 88' lang='lat' dir='ltr'><strong>vidimus</strong></span> <span class='ocrx_word' id='word_1_271' title='bbox 1102 3901 1213 3951; x_wconf 84' lang='lat' dir='ltr'><strong>fabulam</strong></span> <span class='ocrx_word' id='word_1_272' title='bbox 1231 3918 1291 3951; x_wconf 84' lang='lat' dir='ltr'><strong>con·</strong></span> 
     </span>
     <span class='ocr_line' id='line_1_34' title="bbox 121 3989 1291 4057; baseline 0.002 -19"><span class='ocrx_word' id='word_1_273' title='bbox 121 3989 211 4040; x_wconf 77' lang='lat' dir='ltr'><strong>intulit.</strong></span> <span class='ocrx_word' id='word_1_274' title='bbox 261 3993 329 4041; x_wconf 86' lang='lat' dir='ltr'><strong>Dicit</strong></span> <span class='ocrx_word' id='word_1_275' title='bbox 355 3994 439 4042; x_wconf 89' lang='lat' dir='ltr'><strong>enim:</strong></span> <span class='ocrx_word' id='word_1_276' title='bbox 481 3994 539 4042; x_wconf 80' lang='lat' dir='ltr'><strong>»in</strong></span> <span class='ocrx_word' id='word_1_277' title='bbox 574 3993 768 4042; x_wconf 89' lang='lat' dir='ltr'><strong>attischen</strong></span> <span class='ocrx_word' id='word_1_278' title='bbox 793 3994 911 4056; x_wconf 89' lang='lat' dir='ltr'><strong>Sagen</strong></span> <span class='ocrx_word' id='word_1_279' title='bbox 945 3993 1071 4057; x_wconf 82' lang='lat' dir='ltr'><strong>giltll,</strong></span> <span class='ocrx_word' id='word_1_280' title='bbox 1100 3992 1156 4041; x_wconf 83' lang='lat' dir='ltr'><strong>fur</strong></span> <span class='ocrx_word' id='word_1_281' title='bbox 1182 3992 1291 4042; x_wconf 88' lang='lat' dir='ltr'><strong>einen</strong></span> 
     </span>
     <span class='ocr_line' id='line_1_35' title="bbox 120 4081 1289 4149; baseline 0.003 -23"><span class='ocrx_word' id='word_1_282' title='bbox 120 4081 366 4143; x_wconf 69' lang='lat' dir='ltr'><strong>argirischen</strong></span> <span class='ocrx_word' id='word_1_283' title='bbox 391 4083 593 4146; x_wconf 70' lang='lat' dir='ltr'><strong>Jtlngling,</strong></span> <span class='ocrx_word' id='word_1_284' title='bbox 625 4083 686 4130; x_wconf 88' lang='lat' dir='ltr'><strong>der</strong></span> <span class='ocrx_word' id='word_1_285' title='bbox 713 4081 791 4129; x_wconf 84' lang='lat' dir='ltr'><strong>sich</strong></span> <span class='ocrx_word' id='word_1_286' title='bbox 821 4082 888 4129; x_wconf 87' lang='lat' dir='ltr'><strong>den</strong></span> <span class='ocrx_word' id='word_1_287' title='bbox 917 4082 1110 4129; x_wconf 82' lang='lat' dir='ltr'><strong>attischen</strong></span> <span class='ocrx_word' id='word_1_288' title='bbox 1139 4082 1289 4149; x_wconf 75' lang='lat' dir='ltr'><strong>Frauerr,</strong></span> 
     </span>
     <span class='ocr_line' id='line_1_36' title="bbox 121 4171 1289 4221; baseline 0.002 -4"><span class='ocrx_word' id='word_1_289' title='bbox 121 4173 174 4218; x_wconf 81' lang='lat' dir='ltr'><strong>als</strong></span> <span class='ocrx_word' id='word_1_290' title='bbox 203 4172 258 4218; x_wconf 83' lang='lat' dir='ltr'><strong>sie</strong></span> <span class='ocrx_word' id='word_1_291' title='bbox 287 4172 345 4219; x_wconf 87' lang='lat' dir='ltr'><strong>die</strong></span> <span class='ocrx_word' id='word_1_292' title='bbox 374 4173 545 4221; x_wconf 78' lang='lat' dir='ltr'><strong>Demeter</strong></span> <span class='ocrx_word' id='word_1_293' title='bbox 569 4172 716 4220; x_wconf 80' lang='lat' dir='ltr'><strong>leiernrl</strong></span> <span class='ocrx_word' id='word_1_294' title='bbox 754 4188 821 4219; x_wconf 89' lang='lat' dir='ltr'><strong>von</strong></span> <span class='ocrx_word' id='word_1_295' title='bbox 850 4172 1083 4219; x_wconf 75' lang='lat' dir='ltr'><strong>Seera‘ubern</strong></span> <span class='ocrx_word' id='word_1_296' title='bbox 1120 4171 1289 4219; x_wconf 86' lang='lat' dir='ltr'><strong>iiberlal·</strong></span> 
     </span>
     <span class='ocr_line' id='line_1_37' title="bbox 120 4262 967 4319; baseline -0.005 -10"><span class='ocrx_word' id='word_1_297' title='bbox 120 4263 177 4310; x_wconf 87' lang='lat' dir='ltr'><strong>len</strong></span> <span class='ocrx_word' id='word_1_298' title='bbox 207 4262 370 4319; x_wconf 80' lang='lat' dir='ltr'><strong>wurileu,</strong></span> <span class='ocrx_word' id='word_1_299' title='bbox 402 4262 596 4310; x_wconf 85' lang='lat' dir='ltr'><strong>hilllreieh</strong></span> <span class='ocrx_word' id='word_1_300' title='bbox 625 4262 805 4310; x_wconf 85' lang='lat' dir='ltr'><strong>erwiesen</strong></span> <span class='ocrx_word' id='word_1_301' title='bbox 835 4262 967 4314; x_wconf 64' lang='lat' dir='ltr'><strong>babo«</strong></span> 
     </span>
    </p>

    <p class='ocr_par' dir='ltr' id='par_1_10' title="bbox 228 4349 1288 4418">
     <span class='ocr_line' id='line_1_38' title="bbox 228 4349 1288 4418; baseline 0.001 -20"><span class='ocrx_word' id='word_1_302' title='bbox 228 4349 250 4418; x_wconf 69' lang='lat'><strong>³)</strong></span> <span class='ocrx_word' id='word_1_303' title='bbox 269 4351 338 4405; x_wconf 78' lang='lat' dir='ltr'><strong>Mea,</strong></span> <span class='ocrx_word' id='word_1_304' title='bbox 359 4368 381 4399; x_wconf 81' lang='lat' dir='ltr'><strong>v.</strong></span> <span class='ocrx_word' id='word_1_305' title='bbox 407 4364 464 4405; x_wconf 79' lang='lat'>110,</span> <span class='ocrx_word' id='word_1_306' title='bbox 492 4350 524 4398; x_wconf 88' lang='lat' dir='ltr'><strong>cl.</strong></span> <span class='ocrx_word' id='word_1_307' title='bbox 546 4352 619 4404; x_wconf 82' lang='lat' dir='ltr'><strong>Mart,</strong></span> <span class='ocrx_word' id='word_1_308' title='bbox 639 4350 735 4413; x_wconf 75' lang='lat' dir='ltr'><strong>Capell,</strong></span> <span class='ocrx_word' id='word_1_309' title='bbox 755 4350 787 4397; x_wconf 87' lang='lat' dir='ltr'><strong>de</strong></span> <span class='ocrx_word' id='word_1_310' title='bbox 816 4357 885 4412; x_wconf 82' lang='lat' dir='ltr'><strong>nupt,</strong></span> <span class='ocrx_word' id='word_1_311' title='bbox 906 4349 960 4404; x_wconf 83' lang='lat' dir='ltr'><strong>init,</strong></span> <span class='ocrx_word' id='word_1_312' title='bbox 989 4349 1067 4398; x_wconf 86' lang='lat' dir='ltr'><strong>sive</strong></span> <span class='ocrx_word' id='word_1_313' title='bbox 1086 4365 1153 4413; x_wconf 89' lang='lat' dir='ltr'><strong>quo</strong></span> <span class='ocrx_word' id='word_1_314' title='bbox 1164 4349 1179 4396; x_wconf 80' lang='grc'><strong>(1</strong></span> <span class='ocrx_word' id='word_1_315' title='bbox 1200 4349 1288 4399; x_wconf 75' lang='lat' dir='ltr'><strong>llae-</strong></span> 
     </span>
    </p>
   </div>
   <div class='ocr_carea' id='block_1_6' title="bbox 120 4443 350 4504">
    <p class='ocr_par' dir='ltr' id='par_1_11' title="bbox 120 4443 350 4504">
     <span class='ocr_line' id='line_1_39' title="bbox 120 4443 350 4504; baseline 0.004 -16"><span class='ocrx_word' id='word_1_316' title='bbox 120 4443 206 4490; x_wconf 79' lang='lat' dir='ltr'><strong>ehus</strong></span> <span class='ocrx_word' id='word_1_317' title='bbox 236 4450 350 4504; x_wconf 84' lang='lat' dir='ltr'><strong>pater,</strong></span> 
     </span>
    </p>
   </div>
   <div class='ocr_carea' id='block_1_7' title="bbox 0 0 1444 4920">
    <p class='ocr_par' dir='ltr' id='par_1_12' title="bbox 0 0 1444 4920">
     <span class='ocr_line' id='line_1_40' title="bbox 0 0 1444 4920; baseline 0 2"><span class='ocrx_word' id='word_1_318' title='bbox 0 0 1444 4920; x_wconf 95' lang='lat' dir='ltr'><strong> </strong></span> 
     </span>
    </p>
   </div>
  </div>
 </body>
</html>
