2880 4920
618 234 836 293 -68-.

148 420 174 488 le
200 424 301 490 Genie
322 425 395 508 oili,
421 425 533 490 bronze
557 428 600 491 dn
623 428 748 493 cabinet
775 430 812 494 dc
833 431 881 493 M.
906 431 1046 496 Anton'ne
1068 432 1177 515 Hirry
1206 431 1314 497 dAn·

144 552 222 615 nere,
247 534 347 598 tenuit
367 533 629 617 oripinoirnnenl
648 557 693 599 nn
717 537 882 618 flambenn
906 539 988 602 (lons
1017 539 1048 602 lo
1080 541 1170 603 nonin
1203 540 1311 604 dron'ta

149 638 230 703 O’esl
244 662 311 721 par
332 661 377 705 nn
400 642 543 705 occident
565 663 624 722 qne
647 649 694 706 oet
707 644 843 708 otln'bnt
864 647 954 709 oinsn'
977 667 1035 726 qne
1060 646 1086 711 lc
1103 646 1178 710 bros
1192 648 1314 730 panone

145 749 183 813 de
207 752 279 813 celle
303 747 485 812 clmnntnnte
499 749 604 832 fiynre
627 755 683 813 ont
704 751 749 813 e'te‘
764 752 893 831 perdas.
929 751 1016 834 De'jir
1041 753 1073 816 lo
1094 773 1253 818 eonnonne
1277 755 1315 819 dc

142 875 229 919 rosas
252 857 307 935 qni
330 875 406 918 orne
428 875 487 919 son
511 876 567 920 cort
590 877 671 920 none
694 859 784 921 oooit
805 861 945 923 (intorise'
967 863 1016 941 (cs.
1036 865 1141 923 Bullet.
1172 868 1256 940 1830
1281 885 1311 941 p.

148 968 220 1047 193)
246 963 528 1047 dyreeonnoltre
561 963 751 1047 l'Hyrnene'e,
776 966 817 1029 tel
839 968 934 1046 qn’nn
958 968 1084 1032 lablenn
1108 969 1145 1032 de
1171 969 1203 1031 ln
1225 968 1314 1052 pold-

141 1072 189 1135 rie
210 1070 409 1152 napoliloine
432 1071 546 1134 neren
561 1092 629 1151 pon·
651 1071 843 1136 Philostrato
869 1073 895 1137 le
917 1076 1099 1155 representa
1146 1075 1193 1140 Le
1219 1075 1315 1158 flunt·

143 1178 222 1242 beon
244 1199 303 1261 onte
324 1197 405 1241 none
427 1177 601 1260 intliqnons
624 1180 824 1242 trininlenont
839 1201 955 1245 contnn
976 1183 1094 1246 second
1115 1183 1253 1247 nllnilnl
1276 1184 1315 1247 sle

140 1289 230 1349 notre
252 1285 431 1349 adolescent
461 1290 491 1348 et
512 1304 570 1367 qne
586 1287 713 1365 portoil
740 1288 831 1350 onesi
866 1287 893 1350 le
927 1285 1041 1353 Connus
1075 1311 1116 1354 on
1148 1289 1317 1372 Hyncne'c

141 1393 178 1457 de
209 1392 420 1474 Philostrato,
443 1392 549 1471 alonte
577 1413 639 1455 nne
670 1394 812 1457 noncelle
830 1416 949 1475 prenae
971 1417 1009 1460 en
1030 1395 1150 1480 fnonn
1174 1397 1212 1462 tle
1238 1403 1315 1462 celte

140 1500 385 1565 dlnonninolion.

245 1611 417 1670 Dolendum
442 1628 523 1680 sane,
538 1611 620 1687 quod
644 1611 720 1670 haec
743 1623 841 1672 statua
863 1614 998 1673 nondum
1023 1625 1068 1674 est
1090 1615 1120 1673 in
1151 1617 1250 1675 lucem
1283 1635 1311 1675 e·

138 1719 219 1796 dita3
249 1736 407 1795 possumus
438 1717 496 1775 hac
529 1717 568 1776 de
592 1737 684 1776 causa
706 1730 894 1778 noncertum
918 1721 956 1780 de
981 1741 1018 1780 ea
1040 1723 1116 1780 ferre
1143 1723 1307 1783 iudicium:

137 1828 233 1885 forma
256 1825 402 1895 iuvenilis
420 1843 552 1901 rosarum
578 1836 709 1897 omatus,
734 1828 784 1884 fax
806 1828 885 1886 bene
909 1828 1091 1888 conveniunt
1115 1832 1308 1905 Hymenan,

136 1953 234 2011 neque
270 1935 419 2002 abhorret,
454 1932 537 2007 quod
561 1932 593 1989 in
618 1933 716 2007 Lydia
738 1945 856 2010 reperta
880 1945 924 1994 est
948 1946 1061 2008 statua,
1093 1956 1162 1995 cum
1193 1937 1225 1996 in
1256 1939 1310 1997 illa

136 2042 259 2117 regione
282 2041 372 2099 deum
395 2049 538 2097 nostrum.
553 2039 662 2115 insigni
687 2041 822 2100 floruisse
846 2043 926 2099 cultu
951 2054 980 2101 et
1003 2044 1106 2102 sabula
1121 2063 1213 2120 supra
1237 2046 1308 2104 alla·

135 2158 166 2206 ta
189 2159 218 2207 et
241 2167 329 2224 quem
353 2147 445 2206 modo
468 2147 597 2205 vidimus
614 2149 807 2222 Hymenaeus
831 2150 966 2208 Asiatica
989 2151 1109 2210 indutus
1126 2162 1209 2211 veste
1233 2153 1305 2211 satis

134 2257 348 2315 demonstrent.
897 2330 901 2337 1

239 2366 341 2423 Potest
364 2363 452 2439 igitur
476 2381 548 2422 sane
572 2364 743 2460 Hymenaei
767 2383 832 2423 esse
856 2375 962 2423 statua.
981 2367 1021 2423 At
1044 2365 1083 2424 de
1107 2366 1168 2424 alia
1191 2386 1222 2426 re
1246 2369 1307 2427 hoc

132 2472 201 2530 loco
225 2470 344 2529 uberius
369 2470 532 2530 dicendum
555 2481 617 2530 est:
643 2471 798 2530 contendit
822 2471 902 2530 enim
929 2472 1044 2530 Wittius
1067 2482 1197 2532 statuam
1221 2474 1304 2533 illam

132 2579 222 2638 deum
245 2578 409 2655 nuptialem
433 2578 522 2636 nohis
545 2579 691 2653 praebere
714 2580 813 2652 talem,
829 2579 959 2654 qualem
983 2579 1181 2638 Philostratus
1207 2581 1305 2640 iunior

131 2686 321 2762 descripserit
344 2686 433 2762 imag.
459 2687 515 2744 Ia.
531 2685 688 2760 >Loquitur
712 2696 811 2744 autem
843 2686 1040 2746 Philostratus
1075 2687 1145 2745 loco
1176 2688 1302 2746 laudato

131 2794 170 2852 de
193 2794 291 2852 Como
315 2792 473 2862 daemone,
499 2792 541 2850 ita
570 2803 601 2850 ut
624 2793 759 2851 Wittium
789 2795 836 2850 vel
868 2794 996 2852 Cornum
1027 2803 1056 2852 et
1087 2796 1302 2870 Hymenaeum

131 2901 254 2960 eosdem
278 2899 368 2958 luisse
392 2899 465 2958 deos
482 2901 529 2958 vel
552 2899 635 2958 illam
651 2900 823 2959 Philostrati
846 2900 1081 2976 descriptionem
1100 2912 1237 2977 spectare
1262 2902 1302 2961 ad

130 3009 341 3083 Hymenaeum
365 3007 549 3065 existimasse
582 3009 707 3066 eluceat.
754 3008 952 3066 Posteriorem
983 3009 1159 3084 opinionem
1182 3009 1301 3067 Wittius

129 3134 192 3174 non
215 3115 326 3190 primus
350 3113 424 3185 tulit,
450 3113 504 3172 sed
527 3113 587 3171 iam
612 3125 681 3173 ante
704 3133 772 3173 eum
795 3116 921 3185 luerunt,
947 3115 997 3190 qui
1014 3115 1226 3174 Philostratum
1250 3117 1302 3174 illa

130 3223 161 3280 in
184 3221 288 3279 tabula
311 3221 512 3280 describenda
536 3220 691 3280 aberrasse
715 3241 733 3279 a
756 3222 878 3297 pictoris
902 3232 1003 3280 mente
1027 3234 1194 3282 censerent.
1235 3224 1299 3281 Iam

130 3329 266 3404 Heynius
291 3326 405 3405 (opusc.
432 3328 517 3387 acad.
543 3329 581 3399 V,
607 3347 636 3404 p.
666 3330 717 3406 28)
742 3329 868 3400 dubitat,
895 3349 934 3387 an
971 3329 1058 3388 luerit
1093 3330 1218 3389 fortasse
1244 3331 1300 3390 Co·

130 3457 195 3495 mus
219 3437 269 3496 ille
292 3437 506 3512 Hymenaeus3
530 3436 609 3494 hanc
632 3436 836 3512 suspicionem
861 3437 991 3512 suscepit
1015 3437 1143 3496 Lenzius
1168 3438 1199 3495 in
1223 3439 1301 3496 Mat·

130 3545 210 3604 thiae
233 3544 357 3603 miscell.
383 3545 412 3601 II
436 3563 465 3619 p.
492 3542 543 3615 64,
569 3544 620 3619 qui
644 3544 675 3601 in
698 3543 803 3602 tabula
826 3543 877 3602 illa
901 3545 1112 3618 Hymenaeum
1135 3545 1227 3604 luisse
1258 3565 1301 3605 re-

130 3660 351 3728 praesentatum
376 3650 554 3708 existimavit
579 3668 663 3729 „non
686 3653 846 3732 κῶμον,
872 3647 929 3711 sed
957 3643 1118 3735 κομμδν
1147 3653 1299 3732 openiens,

131 3756 245 3839 qnippe
268 3755 324 3838 qni
346 3754 383 3817 in
408 3753 597 3837 propylons
631 3753 766 3816 tltolnnn
797 3759 927 3818 nonen
960 3755 1126 3820 cnnfnsdotn
1158 3769 1299 3841 νυμφίου

131 3855 243 3943 ὀλβίου
266 3860 429 3924 Adonidis
444 3860 588 3944 fortasse
613 3859 744 3944 lctpeot.“
757 3859 779 3948 ¹)

234 3976 274 4031 At
297 3972 360 4031 iure
383 3970 472 4029 nobis
489 3972 662 4029 Welckerus
686 3973 740 4030 has
764 3972 951 4031 coniecturas
975 3972 1141 4049 reppulisse
1157 3973 1299 4033 Comum·

129 4099 187 4156 que
210 4099 264 4138 suo
288 4080 356 4138 loco
380 4078 541 4137 restituisse
564 4079 688 4138 videtur.
736 4081 816 4138 Tota
839 4080 919 4138 enim
940 4080 1111 4140 Philostrati
1134 4081 1299 4158 descriptio

130 4199 192 4247 tarn
216 4196 318 4263 aperte
341 4195 457 4263 spectat
480 4186 520 4244 ad
545 4186 682 4258 Comum,
708 4197 739 4244 ut
761 4187 824 4245 iure
847 4187 989 4246 miremur
1010 4188 1084 4246 tales
1108 4187 1299 4248 coniecturas

236 4450 256 4519 ¹)
276 4452 318 4503 Cs.
338 4450 465 4520 Welcker,
488 4450 616 4500 animadv.
638 4451 665 4500 in
682 4450 748 4500 Phil.
771 4450 848 4516 imag.
869 4467 896 4516 p.
918 4461 979 4513 207.
