2880 4920
124 465 254 523 hominis
278 465 370 535 docti,
389 466 470 541 quod
487 467 567 526 unde
591 467 750 542 sumpserit
773 467 931 524 nescimus¹
956 468 1016 525 Sed
1033 477 1096 524 utut
1120 486 1166 524 res
1191 464 1224 525 se
1248 469 1296 526 ha-

123 572 183 642 bet,
209 572 270 630 sive
294 573 431 630 Xanthus
455 573 588 631 sahulem
619 573 749 630 narravit
773 573 834 630 sive
858 573 1030 646 Dionysius,
1055 573 1086 631 id
1111 593 1184 632 sane
1209 593 1296 632 exea

124 679 334 755 cognoscimus
358 679 388 736 in
405 679 533 754 Phrygia
558 680 702 754 Syriaque
720 681 929 754 Hymenaeum
954 680 1097 755 singulari
1121 700 1207 738 usum
1233 701 1294 739 esse

123 785 325 845 veneratione.

692 966 723 1038 2.

157 1139 161 1146 ·
229 1110 298 1166 Hae
323 1126 427 1165 omnes
451 1118 527 1177 sunt,
554 1126 627 1181 quas
651 1127 706 1165 nos
740 1106 862 1181 quidem
894 1109 1139 1182 cognoverimm,
1174 1111 1290 1168 fabulae

123 1216 161 1273 de
184 1216 362 1289 Hymenaeo
387 1234 413 1272 a·
428 1213 576 1273 veteribus
600 1214 737 1282 traditae,
764 1214 872 1288 quibus
903 1215 1045 1272 enarratis
1081 1216 1161 1274 nacti
1193 1236 1289 1274 sumus

122 1322 349 1380 fundamentum
374 1321 525 1390 idoneum,
546 1339 605 1395 quo
630 1320 836 1395 quaestionem
861 1321 1097 1410 deo-riginemet
1113 1334 1221 1381 natura
1244 1325 1288 1382 dei

123 1428 265 1550 ngptialis
290 1439 482 1486 exstruamus
531 1428 598 1486 Tali
631 1438 731 1485 autem
760 1427 790 1484 in
822 1428 998 1502 quaestione
1031 1418 1287 1503 prraeteflrihulas

2 1516 9 1537 s
126 1535 131 1546 .

124 1555 205 1611 ipsas
230 1535 359 1594 maxime
376 1535 583 1610 respiciendae
607 1545 675 1592 sunt
698 1535 821 1609 nuptiae
845 1545 986 1592 veterum.
1006 1536 1188 1596 Examinare
1206 1556 1286 1613 opor-

123 1653 174 1713 tet,
200 1644 281 1701 unde
305 1640 414 1716 sumpti
438 1640 497 1698 sint
520 1641 591 1698 ritus
615 1641 774 1716 nuptiales

231 1752 271 1807 At
295 1749 333 1807 de
357 1747 428 1805 ritus
445 1747 615 1822 nuptiarum
640 1748 755 1824 origine
772 1748 831 1806 iam
855 1767 916 1805 non
933 1749 1063 1806 dubitari
1087 1761 1196 1825 potest,
1214 1762 1287 1827 post·

122 1877 212 1934 quam
237 1855 452 1924 Rossbachius
477 1855 521 1912 vir
545 1855 745 1926 doctissimus,
771 1875 848 1930 quae
877 1855 1105 1932 investigatione
1133 1859 1287 1917 accuratis-

122 1965 196 2023 sime
220 1963 450 2036 felicissimeque
473 1962 551 2020 facta
576 1963 738 2033 invenerat,
757 1964 787 2021 in
811 1964 908 2022 lucem
932 1963 1035 2021 edidit.
1062 1965 1196 2023 Sufficiet
1218 1984 1287 2024 sane

122 2070 306 2148 quaestionis
331 2090 349 2127 a
372 2070 562 2127 Rossbachio
587 2070 738 2128 institutae
762 2090 909 2128 summam
932 2072 991 2128 hoc
1020 2072 1089 2129 loco
1120 2073 1285 2147 protulisse.

121 2180 242 2237 Unters.
269 2178 318 2235 ub.
345 2183 419 2234 rom.
445 2176 509 2234 Ehe
533 2196 561 2252 p.
592 2194 669 2253 257:
694 2172 768 2237 Dos
791 2173 987 2238 attitulante
1001 2174 1146 2257 Primum,
1162 2177 1312 2264 aretela

121 2282 187 2346 siclt
224 2301 354 2344 ransom
393 2278 631 2364 [lattersaehunp
667 2281 797 2364 arpalum
832 2280 895 2363 leat,
930 2282 973 2344 tsr
1001 2281 1188 2365 fulgurales:
1222 2284 1287 2347 dte

120 2386 483 2470 Hoohaea'tsfoier
515 2389 578 2451 ist
608 2389 676 2452 ein
711 2388 803 2452 Tell
839 2389 910 2452 des
949 2386 1102 2453 Cultus
1144 2391 1217 2455 der·
1249 2413 1286 2454 a·

115 2494 382 2578 prorisolten
418 2493 591 2578 datter,
625 2495 711 2560 olle
740 2495 833 2559 ihre
865 2496 1048 2559 Formam
1079 2499 1184 2561 sind
1215 2519 1290 2563 utra

119 2603 278 2666 diesem
318 2599 624 2665 Caltrrslrreiso
655 2602 906 2685 pescho'pfl,
946 2603 1114 2685 finden
1158 2606 1289 2669 daria

118 2710 214 2773 ihre
245 2704 504 2791 Erkldranp
537 2710 626 2773 atad
667 2710 796 2773 ihren
829 2710 1214 2796 Zosarumeohunp.
1249 2751 1288 2758 —

119 2840 147 2896 p.
176 2822 252 2895 258:
294 2815 519 2879 cliesolben
565 2815 845 2899 Goltheitco,
891 2817 1044 2881 meleha
1083 2818 1156 2882 der·
1188 2819 1289 2884 Zou-

116 2945 229 3007 poap
252 2921 341 2986 aad
362 2922 715 2988 Fr·oclrtbnr·lrea't
736 2927 791 2988 ι’ωι
814 2923 1110 2988 matrialichen
1133 2925 1289 3010 Labra,

120 3031 206 3095 darn
244 3027 463 3092 Galatam
504 3030 576 3094 der
608 3029 902 3115 Feldfraehre
941 3031 1027 3095 arrad
1059 3033 1132 3096 (lor
1162 3034 1289 3100 Heer-

120 3138 197 3202 deo
219 3135 471 3217 vorantem,
495 3136 832 3202 ebeirdteseltea
859 3136 1118 3202 Gottlreiten
1142 3140 1290 3205 stelen

120 3242 227 3308 noch
260 3242 332 3307 dur
364 3242 451 3305 Ehe
482 3243 569 3307 arrad
601 3244 674 3308 der
707 3245 966 3328 Eraeapnnp
1013 3245 1088 3309 der
1120 3246 1291 3313 Kioder

121 3371 203 3415 aar.
220 3349 243 3430 ¹)
976 3360 981 3365 ’

227 3462 315 3519 Haec
340 3472 439 3520 autem
456 3461 480 3519 si
497 3481 564 3521 vere
582 3462 734 3538 disputata
751 3474 827 3533 sunt,
846 3463 877 3522 id
894 3465 975 3539 quod
999 3484 1088 3523 nemo
1120 3479 1221 3542 potest
1244 3489 1290 3528 ne·

119 3587 200 3645 gare,
225 3587 341 3626 summo
365 3568 427 3627 iure
451 3570 589 3629 conicere
614 3571 683 3629 licet
706 3570 796 3628 etiam
820 3571 910 3628 deum
934 3572 1030 3642 illum,
1057 3592 1146 3648 quem
1178 3588 1290 3636 veteres

60 3734 69 3751 s
121 3687 273 3735 auctorem
294 3685 322 3733 et
339 3676 507 3750 praesidem
525 3677 695 3765 nuptiarum
711 3678 909 3754 legitimarum
926 3680 1090 3761 habehant,
1107 3682 1199 3741 fuisse
1216 3656 1291 3759 prin·

38 3802 65 3875 p!
121 3784 201 3860 cipio
226 3784 344 3841 deum
378 3780 813 3859 agrorumt'Quaerendum
830 3787 918 3862 igitur
935 3798 1172 3863 est,equonam
1187 3792 1247 3850 deo
1264 3812 1291 3851 a·

18 3892 33 3934 ι’
121 3878 315 3968 ςῑεεῐῖοηυε
340 3889 377 3948 sit
402 3850 605 3965 Hymenaeul.
654 3895 740 3951 Haec
764 3913 834 3952 vcro
859 3895 994 3968 quaestio
1019 3915 1081 3952 non
1112 3896 1154 3955 ita
1186 3899 1290 3958 diffici-

230 4117 251 4185 1)
267 4120 306 4175 Cf,
320 4121 396 4168 etiam
411 4136 453 4184 pp,
468 4133 529 4185 224,
547 4134 607 4186 330,
625 4132 684 4185 345,
697 4122 771 4171 Ro'm.
787 4123 914 4178 Ehedkm,
931 4141 956 4187 p.
969 4126 1012 4179 62,
1025 4126 1143 4187 Lasaulx,
1158 4144 1180 4182 z.
1195 4128 1290 4178 Gesch.

121 4225 146 4259 u.
168 4209 262 4258 Philus.
284 4210 310 4258 d.
330 4210 385 4258 Ehe
404 4211 429 4258 b.
452 4209 477 4257 d.
499 4210 544 4258 Gr.
566 4227 591 4274 p.
613 4225 647 4275 30
666 4228 699 4262 ss.
721 4213 832 4280 Creuzer‚
855 4213 941 4277 Symb.
963 4231 987 4262 u.
1010 4215 1090 4277 Myth.
1112 4216 1149 4262 IV
1172 4233 1198 4279 p.
1228 4229 1290 4282 450.

130 4299 220 4359 Starlr,
244 4298 311 4348 arch.
337 4299 392 4363 Ztg.
413 4299 458 4347 IX.
484 4300 546 4362 1851
569 4316 594 4364 p.
618 4314 678 4364 293.
720 4302 820 4369 Preller‚
841 4319 877 4366 gr,
896 4304 933 4356 Μ,
954 4304 966 4351 I
985 4320 1010 4367 p¹
1030 4305 1091 4363 641.
1124 4306 1292 4378 Mannhnrdt‚

126 4387 265 4439 Waldkult.
286 4389 352 4452 Ipp,
371 4402 432 4449 444,
454 4389 515 4450 469,
538 4390 598 4449 480,
618 4392 659 4440 De
673 4392 856 4440 Germanorum
875 4400 985 4441 veterum
1000 4393 1038 4442 dis
1057 4394 1234 4460 coniugalibus
1252 4399 1292 4449 iis·

123 4478 181 4527 dem
201 4478 340 4542 agrestibus
359 4479 411 4526 vid.
434 4480 579 4539 Wcinhold,
602 4481 715 4535 (leutsch,
735 4482 808 4537 Fran,
829 4483 840 4529 l
859 4499 883 4545 p,
905 4484 966 4544 376,
