2880 4920
603 106 731 167 ...45
781 126 823 138 ...-

149 288 259 347 terimus
281 291 433 349 Bacchum
457 288 539 363 apud
561 289 689 347 Bisaltos
715 289 849 348 Thraces
873 287 1057 365 amplissima
1080 281 1159 362 ignis
1192 280 1292 360 specie

83 454 86 458 ,
147 415 241 454 aunum
264 397 386 455 uberem
411 397 654 470 fructuosumque
678 397 912 471 praemonuisse.
929 392 953 474 ¹)
999 396 1047 454 Ad
1071 394 1200 453 eandem
1232 412 1293 450 rem

143 502 318 576 pertinebant
341 504 432 562 etiam
457 498 639 591 δᾳδοφόρια
664 503 725 578 illa,
753 505 860 578 quibus
883 505 1043 561 Plutarcho
1059 497 1083 579 ²)
1107 511 1181 560 teste
1204 499 1294 574 Thyi-

143 609 204 667 ades
236 612 387 669 Bacchum
425 611 633 680 dormientem,
672 611 844 686 largitorem
877 611 1078 680 fecunditatis
1112 608 1292 667 excitabant.

143 717 217 774 Haec
238 717 263 776 si
286 728 330 777 est
354 737 424 777 vera
446 718 602 777 taedarum
626 717 656 774 in
680 718 791 775 Bacchi
816 720 895 776 cultu
920 718 1109 793 significatio
1135 716 1223 775 facile
1247 733 1293 773 ex-

143 823 233 896 plicari
256 834 356 900 potest
379 825 470 883 etiam
493 844 604 899 magna
628 824 796 882 animorum
821 824 983 883 concitatio
1008 818 1198 898 (dicoretur),
1233 840 1292 897 qua

146 930 318 1004 agitabantur
354 931 543 990 sollemnium
579 930 749 1006 participes.
789 930 956 989 ·Simillima
991 930 1070 988 enim
1106 929 1295 987 inveniuntur

147 1038 212 1110 apud
241 1038 486 1097 Mannhardtium
516 1040 530 1096 l
560 1057 588 1113 p.
627 1055 688 1113 534
704 1032 745 1115 3):
782 1033 951 1096 Erttrturlcr
984 1053 1040 1116 aop
1081 1054 1158 1096 artua
1197 1032 1294 1096 sabota

148 1141 194 1202 att
204 1141 416 1222 flamancadea
439 1141 580 1204 Fuclrelrr
604 1140 667 1223 alif
687 1141 737 1203 die
754 1139 896 1222 Aalrdlre,
913 1161 959 1202 tro
985 1140 1044 1203 das
1065 1159 1173 1222 prosse
1189 1138 1292 1202 aazia·

151 1244 224 1328 liupe-
246 1249 321 1313 oder
337 1246 606 1328 Soaawcadfeuer
622 1247 741 1310 eatlolrt
762 1247 878 1328 letarde,
902 1247 978 1311 oder
993 1267 1069 1309 aaran
1091 1246 1222 1309 adnitere
1245 1246 1293 1307 sir>

152 1359 196 1414 ersi
214 1354 288 1418 obera
309 1355 347 1418 aa
372 1354 546 1418 demselbea
568 1375 621 1435 aa,
647 1359 747 1416 turrate
772 1354 885 1417 tohard
906 1354 975 1417 rand
1002 1354 1062 1415 mit
1084 1351 1292 1416 oratoriarum

84 1517 87 1521 .
153 1454 292 1544 Sputaqea
313 1463 406 1545 riaps
427 1461 537 1526 umber
559 1461 627 1525 trad
651 1461 711 1542 lies
731 1461 819 1524 (larua
844 1461 986 1523 tuln-liris
1022 1459 1121 1522 (larrclr
1157 1459 1207 1522 (lie
1234 1457 1291 1521 Ge-

152 1568 304 1633 ruuuatlrea't
326 1569 382 1633 der
403 1589 475 1632 aaut
497 1567 617 1632 Aabatr
640 1568 816 1632 (liertorrrleu
839 1568 961 1634 Felder:

232 1681 300 1738 Hae
323 1681 414 1749 faces,
440 1680 548 1754 quibus
572 1697 660 1755 agros
684 1679 793 1737 fertiles
817 1679 902 1736 reddi
927 1677 1139 1736 existimabant
1162 1688 1288 1748 veteres,

153 1779 337 1844 deserebantur
360 1805 395 1845 ex
419 1788 460 1845 rei
484 1797 590 1845 natura
614 1787 644 1843 in
667 1797 729 1844 tam
761 1794 824 1843 arta
862 1785 1060 1860 agriculturae
1099 1785 1291 1860 coniugiique

152 1891 339 1952 coniunctione
356 1895 446 1953 etiam
471 1895 510 1952 ad
526 1893 682 1951 hominurn
699 1893 889 1951 matrimonia
902 1889 936 1969 ⁴),
955 1911 1032 1967 quae
1056 1893 1192 1967 inprimis
1215 1893 1291 1951 libe-

150 2009 194 2056 rum
215 2002 453 2076 quaesendorum
477 2019 569 2059 causa
592 2000 665 2057 inita
688 2019 753 2058 esse
777 2019 867 2076 supra
891 2000 1168 2058 demonstravimus
1205 2002 1291 2058 Prae-

147 2097 266 2166 lucebant
289 2109 379 2185 igitur
400 2118 502 2166 nostra
526 2107 669 2183 opinione
687 2107 771 2165 novis
796 2107 896 2182 nuptis
921 2108 1010 2176 faces
1026 2119 1057 2164 ut
1080 2107 1131 2164 illa
1154 2117 1292 2190 γνησίων

143 2216 245 2281 ῑίκνων
268 2209 373 2304 daupei
397 2217 511 2275 bonum
534 2217 658 2274 haberet
682 2226 828 2274 eventum.
856 2215 904 2274 Ob
930 2215 1057 2272 eandem
1080 2209 1211 2272 'causam
1244 2233 1290 2273 ve-

138 2317 182 2378 stis
202 2323 340 2400 nuptialis
357 2326 515 2399 velumque
532 2341 639 2381 croceo
663 2324 710 2380 vel
734 2323 873 2381 flammeo
890 2333 973 2379 erant
998 2322 1114 2379 colore:
1137 2321 1291 2381 indicaba-

133 2426 178 2484 tur
197 2449 230 2488 eo
254 2431 331 2507 ignis
355 2442 536 2506 procreator.
552 2425 576 2508 ⁵)

232 2540 319 2610 Satis,
336 2548 369 2597 ut
391 2539 516 2609 videtur,
542 2540 580 2597 de
596 2539 750 2597 taedarum
775 2538 993 2614 significatione
1017 2537 1113 2621 locuti
1125 2537 1185 2595 iam
1208 2537 1288 2594 vide·

128 2650 220 2715 arnus,
245 2664 304 2722 quo
329 2646 421 2705 modo
454 2646 579 2704 deorum
608 2656 777 2704 nostrorum
808 2644 966 2703 sollemnia
997 2655 1063 2702 acta
1097 2645 1164 2703 sint.
1213 2645 1289 2702 Tres

126 2737 333 2759 N*

124 2770 208 2832 hardi.
234 2786 243 2833 l
269 2802 295 2850 p.
332 2785 399 2846 484;
439 2786 506 2850 apud
544 2786 635 2835 Succos
670 2784 768 2848 fulgura
802 2786 964 2833 nominantur
1002 2784 1191 2842 Kornblixt‚
1219 2784 1286 2846 apud

125 2860 254 2938 Norvegos
286 2875 495 2932 Kornmode3
528 2875 579 2923 vid.
601 2874 676 2922 etiarn
695 2874 781 2931 Kuhn,
804 2873 917 2922 Herabk.
940 2873 965 2922 d.
996 2874 1088 2922 Feuers
1115 2889 1140 2936 p.
1169 2885 1220 2932 244
1249 2889 1286 2936 sq.

236 2961 256 3030 l)
283 2962 415 3030 (Aristot.)
447 2961 589 3033 Θαυμάσια
612 2976 659 3012 122
685 2980 711 3027 p.
733 2964 784 3022 842
803 2965 840 3022 B3
863 2963 895 3012 cf.
916 2963 993 3027 Voigt
1011 2963 1036 3010 in
1059 2962 1179 3011 Roscheri
1208 2963 1287 3026 myth.

125 3038 192 3097 Lex.
209 3069 227 3101 s.
247 3070 271 3101 v.
292 3054 400 3115 Dionys.

233 3139 253 3209 2)
271 3145 305 3192 Is.
326 3150 351 3192 et
371 3142 416 3192 Os.
438 3153 481 3206 35.

232 3228 251 3295 ⁸)
271 3231 311 3280 Cf.
332 3232 407 3280 etiam
426 3247 470 3295 pp.
494 3241 544 3294 500
563 3239 587 3280 et
608 3242 667 3295 510.

234 3316 254 3385 ⁴)
273 3321 358 3371 Simile
377 3321 437 3385 quid
458 3321 570 3369 videmus
596 3323 622 3369 in
650 3321 761 3369 versibus
781 3320 894 3387 Gallicis,
920 3336 983 3384 quos
1001 3320 1071 3368 affert
1097 3321 1288 3370 Mannhardtins

140 3399 150 3446 l
169 3418 191 3465 r·
209 3418 261 3472 537·
284 3409 336 3480 (Cf·
357 3411 433 3460 aram
451 3410 460 3458 l
478 3426 504 3474 n·
525 3409 600 3476 463)
777 3392 781 3402 ¹

279 3501 514 3550 Brandelons
541 3502 672 3550 brulez

279 3590 343 3639 Par
371 3606 429 3638 ces
456 3590 607 3658 vignes,
637 3606 699 3651 par
727 3605 786 3638 ces
814 3590 913 3639 bles!

279 3679 516 3728 Brandelons
545 3681 673 3728 brulez

281 3770 372 3818 Pour
399 3784 457 3818 ces
486 3766 793 3818 fillesdmarier.
833 3768 921 3832 (Mem.
943 3771 969 3818 d.
990 3769 1085 3833 antiqu.
1106 3768 1216 3835 I‚237.)

234 3852 253 3922 ⁶)
269 3858 365 3909 Eadem
384 3859 417 3908 de
437 3876 511 3908 causa
531 3860 718 3923 antiquissimae
739 3858 829 3906 Bacchi
850 3867 952 3908 statuae
971 3860 1044 3907 mbro
1063 3860 1146 3908 colore
1165 3859 1243 3907 illitae
1262 3876 1286 3906 e-

157 3941 405 4007 rait‚Pausan.112,6;
424 3949 466 3996 Vll
486 3949 528 4016 26,
545 3962 571 3996 11
584 3964 589 4005 ;
605 3948 654 3995 Vlll
666 3961 708 4010 39,
727 3958 750 4010 5.
760 3947 800 3996 Cf.
809 3948 840 3995 de
851 3964 880 3996 ea
891 3963 915 3996 re
926 3950 998 3998 Voss.
1011 3948 1044 3996 ad
1054 3948 1148 3996 Tibull.
1161 3949 1185 3996 Il
1200 3962 1222 4014 1,
1237 3957 1250 4010 5
1255 3958 1282 4010 5;

158 4016 171 4066 ¹·
184 4024 291 4105 3011010001,
311 4054 352 4087 zur
370 4037 543 4101 Polychromie
569 4038 594 4085 d.
616 4044 667 4086 ant.
688 4038 771 4086 Kunst
806 4038 902 4101 (Jahrb.
932 4039 950 4087 t'.
975 4039 1048 4087 class.
1080 4038 1206 4100 Philolog.
1238 4038 1287 4086 XX

159 4121 175 4168 Ρ·
188 4120 230 4188 ¹9)
240 4153 268 4164 -
278 4127 359 4177 Phalli
377 4144 484 4192 quoque,
506 4127 547 4191 qui
566 4127 591 4175 in
604 4127 695 4175 Bacchi
714 4127 836 4176 honorem
849 4128 1091 4185 circumferebantur,
1114 4128 1203 4176 eodem
1217 4135 1286 4176 erant

158 4201 223 4276 oelffle,
237 4215 284 4265 vid.
299 4235 325 4282 p.
342 4217 374 4267 28
388 4234 414 4266 n.
429 4230 458 4277 4.
473 4219 563 4266 Postea
577 4217 643 4264 hunc
656 4217 765 4265 colorem
782 4217 813 4265 ad
827 4217 953 4284 Priapum,
968 4218 1094 4266 rubrum
1112 4218 1210 4266 horto
1220 4233 1286 4265 rum

86 4342 96 4369 ,⁴
158 4300 305 4376 custodem,
325 4309 369 4373 qui
386 4308 508 4373 principio
526 4306 593 4355 idem
612 4313 685 4370 atque
704 4307 816 4356 Bacchus
835 4314 887 4356 erat
906 4307 976 4376 deus,
998 4307 1143 4357 translatum
1164 4322 1218 4355 esse
1239 4323 1284 4355 ne-
