2880 4920
547 295 591 305 ..,
639 266 678 335 39

183 461 271 518 Haec
316 468 415 517 autem
448 477 494 517 res
525 460 608 518 nulla
641 457 701 516 alia
730 458 844 517 ratione
877 459 1019 533 explicari
1050 470 1149 534 potest
1189 458 1246 516 nisi

67 564 157 641 quod
182 567 211 623 T
214 565 322 624 alasius
347 565 461 640 priscus
486 565 550 623 sine
574 565 667 624 dubio
689 565 830 640 nuptialis
847 567 1054 623 Romanorum
1078 566 1151 624 deus
1175 584 1246 640 pau·

65 673 156 730 latirn
192 671 230 729 ab
265 673 464 746 Hymenaeo,
501 672 686 730 Graecorum
718 672 787 740 deo,
820 673 888 729 loco
913 691 967 730 suo
991 673 1129 731 demotus
1154 683 1207 732 est.
1224 668 1246 750 ¹)

67 781 165 839 Valet
191 780 241 837 hic
264 799 384 856 quoque
408 781 609 839 Horatianum
633 781 726 839 illud:

336 884 474 948 Graecia
498 889 590 965 raptu
607 883 716 967 feram
739 885 885 948 uictorem
909 886 995 966 cepit.

182 994 267 1068 Quid
290 996 374 1071 quod
398 993 545 1069 suspicari
568 994 639 1052 licet
662 1004 755 1052 totam
779 994 861 1052 illam
886 994 1001 1053 Talasii
1028 1013 1097 1052 cum
1121 992 1246 1052 Sabina-

66 1123 136 1161 rum
161 1113 251 1177 raptu
273 1103 517 1161 coniunctionem
541 1112 637 1160 ortam
662 1120 726 1160 esse
751 1120 786 1160 ex
805 1103 924 1160 Graeca
948 1103 986 1161 de
1003 1104 1181 1177 Hymenaeo
1205 1102 1246 1159 sa·

65 1211 152 1280 bula,
182 1228 260 1284 quae
284 1210 354 1268 item
379 1210 417 1268 de
448 1208 613 1284 virginibus
645 1209 737 1286 raptis
770 1219 799 1268 et
832 1211 871 1268 de
899 1209 1040 1286 coniugio
1073 1208 1246 1267 felicissimo

65 1318 194 1393 agebat.
253 1318 355 1375 Habet
390 1336 462 1375 sane
491 1317 567 1375 haec
606 1318 795 1388 coniectura,
829 1336 1011 1393 quamquam
1044 1316 1131 1375 certis
1162 1334 1246 1392 argu·

63 1425 182 1484 mentis
193 1425 303 1483 fimrari
316 1445 377 1482 non
390 1435 498 1500 potest,
514 1426 758 1499 probabilitatem
776 1428 945 1502 quandam3
959 1424 1123 1484 rectissime
1138 1424 1245 1482 Prelle-

64 1552 117 1590 rus
145 1532 303 1602 iudicavit,
340 1538 414 1592 rom.
441 1537 535 1610 Myth.
561 1554 589 1609 p.
618 1536 697 1608 694:
734 1529 815 1597 tturlr
839 1531 890 1593 die
912 1528 1066 1593 romische
1088 1527 1170 1610 Sapo
1204 1529 1248 1591 ist

61 1636 141 1699 lrrr'u
170 1634 316 1698 Produlrt
338 1637 392 1699 dtr
414 1637 588 1721 De'rltlutqr,
612 1637 749 1700 raudera
774 1635 1084 1716 (homunculorum,
1109 1635 1158 1698 eiu
1187 1632 1244 1699 Ge-

60 1743 151 1807 urbe
176 1743 387 1825 praeduretur
411 1746 481 1808 aad
501 1743 674 1808 ro'trtt'sclter
697 1741 968 1826 Samocharta,
984 1764 1045 1806 rou
1070 1742 1168 1805 (Intra
1194 1741 1244 1805 dir

59 1851 95 1914 le
114 1856 161 1914 ta
176 1855 294 1914 terea
318 1851 386 1914 sirit
409 1855 501 1916 trudat
516 1852 615 1917 dtrrrlt
639 1853 689 1916 dir
713 1856 898 1916 mutereo
924 1851 1103 1916 destiturum
1122 1849 1242 1914 tressera

643 2035 674 2108 2.

178 2177 243 2231 lam
267 2194 336 2233 vero
361 2177 399 2235 de
424 2177 539 2253 origine
562 2187 728 2253 naturaque
752 2178 800 2236 dei
825 2178 917 2235 nostri
943 2175 1085 2253 agamus!
1117 2179 1162 2234 Ac
1185 2177 1243 2251 pri·

55 2301 198 2359 usquam
215 2282 398 2356 opinionem,
417 2303 507 2359 quam
531 2286 569 2343 de
594 2304 631 2344 ea
654 2304 685 2344 re
716 2285 921 2360 concepimus
941 2286 1135 2359 proferamus,
1166 2303 1243 2360 quae

55 2389 208 2449 homines
233 2389 314 2447 docti
339 2391 554 2463 iudicaverunt,
580 2393 793 2450 examinemus.

177 2498 209 2554 H
220 2507 333 2555 artun
341 2498 377 2573 gi
390 2494 458 2582 usi)
472 2499 722 2557 exclamationem
736 2500 816 2558 illam
831 2500 1003 2559 Talassio
1019 2501 1066 2558 vel
1084 2500 1243 2562 Talasse

56 2624 127 2663 non
156 2622 241 2661 secus
266 2624 301 2662 ac
327 2607 476 2664 Graecum
493 2603 591 2689 Ὑμήν
615 2597 806 2688 ὦᾙίναιε
831 2616 966 2682 spectare
990 2607 1084 2665 voluit
1108 2608 1148 2666 ad
1172 2627 1242 2665 con-

58 2706 142 2788 iugii
168 2711 382 2771 fecunditatem
407 2724 435 2770 et
459 2713 638 2772 existimavit
661 2714 893 2790 explicationem
918 2714 1010 2771 Sextii
1035 2715 1135 2772 Sullae
1159 2733 1240 2773 secu·

59 2831 109 2877 tus
138 2819 293 2876 Talasium
319 2839 424 2880 vocem
448 2821 565 2897 signum
590 2821 679 2879 fuisse
704 2821 830 2898 impetus
855 2821 1050 2898 rapientibus,
1095 2824 1141 2881 De
1165 2822 1241 2882 radi·

62 2945 99 2984 ce
126 2925 213 2983 verbi
237 2926 311 2983 nihil
336 2929 428 2986 affert.

176 3033 252 3090 Ros
264 3053 276 3089 s
288 3035 424 3094 bachii
438 3031 462 3122 3)
488 3039 633 3114 opinione
657 3039 795 3097 Talasius
821 3037 945 3097 sationis
964 3054 1162 3114 agrorumque
1179 3048 1242 3098 erat

61 3141 152 3207 deus,
181 3158 254 3198 unus
279 3141 420 3218 idemque
444 3165 479 3203 ac
504 3146 631 3218 Consus,
657 3146 740 3205 cuius
764 3147 845 3205 iussu
869 3145 1001 3204 Sabinae
1034 3144 1163 3232 virgines
1197 3164 1240 3202 ra·

61 3249 236 3323 piebantur.
284 3251 388 3308 Trahit
413 3264 511 3312 autem
535 3272 641 3312 vocem
665 3275 683 3314 a
706 3254 808 3314 radice
827 3238 905 3315 Ιτοιλ
929 3250 1041 3336 (serre)
1067 3287 1108 3294 -
1133 3249 1238 3337 ἔτλην,

61 3425 279 3434 e*

62 3549 168 3615 fora,
199 3552 358 3616 templa,
389 3554 779 3616 gymnasiaTalassio
808 3555 1238 3619 fescenninusexpliea-

62 3645 177 3687 retur.
226 3637 305 3703 (Quin
325 3639 388 3688 falsa
408 3641 439 3689 sit
458 3642 573 3691 codicum
607 3644 783 3693 nonnullorum
814 3645 889 3694 lectio
917 3645 1108 3694 thalassia
1136 3645 1238 3694 dubium

62 3725 199 3792 nonest.)

176 3831 195 3900 ¹)
216 3835 242 3882 Si
261 3853 318 3884 vera
332 3845 485 3902 essentquae
504 3840 670 3905 D'dringsseld
689 3843 707 3893 l.
722 3843 740 3892 l.
763 3859 789 3907 p.
813 3854 845 3907 54
864 3845 895 3893 do
908 3830 1036 3895 Dacorum
1054 3860 1116 3893 voce
1135 3843 1238 3906 nuptiali

64 3925 240 3973 ›nuutalassir
261 3926 362 3989 eiusque
382 3927 478 3991 origine
498 3947 512 3978 a
532 3931 636 3980 Talasio
656 3933 779 3982 trahenda
806 3935 884 3989 affert.
907 3936 981 3984 deum
1001 3942 1111 3984 nostrum
1136 3935 1162 3982 iu
1188 3949 1237 3981 ser·

61 4031 141 4063 mone
156 4014 269 4076 populari
285 4015 376 4064 diutius
395 4017 476 4066 locum
497 4020 604 4069 tenuisse
621 4023 733 4071 conicere
752 4023 845 4072 liceret.
871 4026 905 4073 At
923 4041 962 4073 res
981 4026 1053 4073 nobis
1066 4025 1173 4073 maxime
1192 4024 1236 4071 du-

60 4105 106 4152 bia
125 4119 181 4152 esse
200 4103 306 4153 videtur.
347 4107 462 4166 Fontem,
485 4109 552 4158 unde
579 4110 660 4160 hausit
678 4112 859 4180 Diiringsfeld‚
888 4114 993 4176 reperire
1020 4131 1071 4162 non
1095 4114 1232 4177 potuimus;

60 4196 113 4242 duo
135 4209 194 4240 vero
213 4193 348 4262 Romami,
373 4213 436 4260 quos
455 4198 502 4260 ipsi
521 4199 553 4246 de
573 4215 602 4247 ea
621 4216 646 4246 re
664 4203 804 4263 percontati
823 4219 922 4272 sumus,
942 4219 968 4252 se
988 4219 1074 4253 vocem
1098 4205 1166 4256 illam
1190 4219 1234 4251 un·

60 4299 140 4349 quam
160 4282 186 4329 in
206 4284 301 4346 nuptiis
320 4285 419 4335 audisse
437 4297 600 4350 negaverunt.

174 4385 195 4455 ⁴²)
215 4390 271 4439 Rel.
294 4393 319 4440 d.
341 4393 372 4441 R.
394 4394 418 4441 ΙΙ
438 4411 464 4458 p.
487 4406 548 4459 245.

174 4494 196 4564 ³)
215 4498 245 4546 L.
267 4500 284 4547 l.
307 4517 332 4564 p.
355 4515 403 4565 331
426 4511 450 4552 et
469 4515 530 4567 340.
