2880 4920
574 264 793 339 *⁶9-

89 457 227 532 potuisse
252 457 332 515 oriri.
380 459 479 515 Locus
503 458 544 516 ita
567 477 600 517 se
623 459 732 518 habet:
768 458 785 521 δ
815 456 945 536 δαίμων
976 457 993 519 δ
1026 459 1150 542 Κῶμος,
1183 463 1262 546 παρ’

87 555 124 628 οὗ
147 562 190 627 τά
213 559 382 646 κωμάζειν
405 578 471 641 τοῖς
486 560 690 650 άνθρώποις,
716 564 891 649 ἐφέστηκεν
907 562 944 628 ἓν
967 560 1126 649 θαλάμου
1142 564 1264 653 θύραις

85 686 235 754 χρυσαῖς,
260 670 362 752 οἶμαι,
387 671 528 756 βραδεῖα
553 671 589 736 δὲ
612 673 632 757 ἡ
655 668 843 762 κατάληψις
860 671 974 738 αύτοῖν
996 667 1063 737 rino*
1087 678 1146 738 τού
1161 673 1203 751 ὥς
1226 671 1263 738 ἐν

84 787 179 841 νυκτὶ
206 777 312 842 εἶναι·
336 786 519 865 γέγραπται
544 778 581 843 δὲ
604 773 625 862 ἤ
648 778 711 855 νύξ
734 776 789 844 ούκ
814 773 884 843 οἷπδ
909 784 970 844 τοῦ
999 775 1155 863 σώματος,
1190 770 1260 843 ἄλλ’

83 877 150 949 ind
177 882 245 949 τοῦ
268 880 393 971 καιροῦ,
421 884 512 970 δηλοῖ
535 885 571 950 δὲ
602 886 644 950 τά
679 886 871 975 προπύλαια
903 898 1059 971 νυμφίους
1089 886 1183 971 μάλα
1215 883 1261 950 ὄλ-

77 994 175 1068 βίοας
202 990 245 1056 ἐν
268 982 346 1087 εύνῇ
369 998 509 1056 κεῖσθαι.
536 1003 593 1058 καὶ
617 988 635 1057 δ
659 999 774 1077 Κωμος
796 990 866 1077 ἥκει
889 1004 962 1072 νέος
985 992 1077 1082 παρά
1101 1002 1201 1070 νέους,
1228 987 1261 1058 ά·

75 1097 195 1176 παλδς
223 1107 283 1163 καὶ
307 1093 397 1163 ούπω
420 1094 545 1183 ἔφηβος.
565 1098 706 1187 ἐρυθρός
729 1099 795 1165 ond
821 1105 909 1166 οἴνου
932 1109 989 1165 καὶ
1008 1100 1189 1166 καθεύδων
1213 1092 1261 1188 ύρ

73 1206 141 1284 θδς
167 1203 247 1274 eino*
272 1211 332 1274 τοῦ
352 1206 505 1289 μεθύειν·
531 1203 691 1273 καθεύδει
716 1206 752 1272 δὲ
767 1202 804 1272 cri
828 1214 891 1292 μὲν
907 1203 1084 1295 πρόσωπον
1106 1208 1162 1274 ἐπὶ
1178 1218 1261 1296 οτέρ

67 1338 112 1380 να
140 1317 263 1402 ῥίψας
287 1318 421 1393 καὶτῆς
445 1310 550 1398 δειρῆς
583 1312 746 1398 ἐκφαίνων
780 1314 886 1390 οὐδέν,
923 1314 983 1399 τη“ν
1017 1315 1054 1380 δὲ
1086 1315 1261 1404 οἷριστεροὶν

66 1421 258 1511 προβολίηι
276 1417 301 1506 ¹)
317 1418 449 1502 ἐπέχων,
467 1421 628 1504 εἰλῆφθαι
652 1421 688 1488 δὲ
710 1424 814 1509 ἡχεῖρ
839 1422 979 1488 δοκούσα
1003 1423 1118 1488 λύεται
1148 1432 1203 1487 καὶ
1227 1414 1261 1487 ά·

61 1531 189 1614 μελεῐ,
231 1525 271 1591 vo*
296 1521 414 1606 εἰωθδς
445 1527 482 1594 ἓν
505 1529 592 1627 οἷρχῇ
613 1536 673 1597 τού
695 1531 884 1607 καθεύδειν,
920 1526 1003 1596 ὅταν
1034 1542 1201 1609 σαίνοντος
1230 1525 1262 1616 ἦ·

57 1644 138 1722 μοῖς
166 1637 240 1702 τοῦ
264 1630 371 1700 ὕπνου
393 1646 588 1722 μετίρχηται
612 1639 630 1701 ὁ
654 1638 803 1721 λογισμός
837 1637 871 1716 ἐς
900 1638 1011 1724 λήθην
1044 1631 1089 1704 (δν
1122 1647 1258 1722 συνέχει,

59 1745 162 1812 ὅθεν
205 1754 266 1809 καί
294 1743 330 1808 τδ
363 1743 470 1840 ivor?
501 1744 595 1834 δεξιᾷ
627 1744 818 1828 λαμπάδιον
857 1742 940 1809 ἔοικε
984 1742 1173 1829 διαφεύγειν
1202 1745 1263 1833 την

56 1870 184 1943 χεῖρα,
215 1857 535 1940 καταρριθυμοΐιντος
558 1851 664 1936 αύτην
687 1857 747 1918 τοῦ
761 1849 876 1918 ύπνου.
904 1849 1019 1929 δεδιώς
1043 1852 1080 1917 δὲ
1104 1854 1123 1914 o‘
1147 1859 1261 1938 Κωμος

57 1955 309 2050 προσβάλλων
331 1957 367 2022 τδ
393 1965 458 2046 πῦρ
482 1961 529 2047 τῷ
554 1959 659 2023 σκέλει
682 1970 846 2048 περιφέρει
870 1959 931 2046 την
954 1966 1017 2042 μὲν
1047 1960 1173 2046 κνήμην
1201 1958 1262 2046 την

58 2060 268 2157 α’ριοτεροὶν
290 2065 347 2131 ἐπὶ
369 2060 410 2128 τά
436 2061 539 2142 δεξιά,
559 2062 595 2130 τά
621 2066 655 2131 δὲ
672 2064 865 2150 λαμπάδιον
888 2068 944 2143 ἐπὶ
959 2068 1001 2132 τά
1026 2065 1194 2155 οἷριστερά,
1220 2072 1260 2134 ἵν’

59 2176 229 2242 ἓκκλίνοι
254 2173 312 2238 τδν
336 2167 445 2255 άτμδν
464 2179 525 2240 τού
547 2172 650 2261 πυρός
665 2171 837 2262 ἐκκειμένῳ
852 2172 899 2262 τῷ
914 2170 1031 2254 γόνατι
1047 2165 1187 2259 άφιστάς
1202 2171 1263 2262 την

61 2299 187 2371 χεῖρα.
207 2276 372 2368 πρόσωπα
397 2280 432 2345 δὲ
457 2280 620 2365 ὀφείλεται
643 2287 704 2364 μὲν
727 2282 821 2370 παρά
845 2288 913 2347 τοῖν
938 2281 1114 2370 ζωγράφων
1137 2299 1202 2361 τοῖς
1226 2283 1262 2351 ἐν

10 2458 12 2467 ,
63 2389 145 2479 ὥρᾳ
161 2398 227 2455 καὶ
235 2387 457 2472 τυφλάττουσί
460 2415 496 2469 γε
508 2386 588 2454 ἄνευ
597 2384 718 2454 τούτων
732 2394 767 2454 αλ
775 2400 908 2474 γραφαί,
920 2391 968 2478 τῷ
982 2389 1018 2454 δὲ
1027 2389 1131 2478 Κύμη
1142 2388 1260 2480 σμικρά

10 2498 13 2569 i
66 2503 124 2568 δεῖ
135 2504 205 2564 τοῦ
217 2494 394 2584 προσώπου
404 2492 567 2561 νενευκύτι
579 2506 633 2560 καὶ
646 2497 770 2561 ἕλκοντι
782 2494 842 2582 την
856 2488 925 2561 άπδ
939 2497 1145 2583 τῆςκεφαλῆς
1156 2496 1260 2566 σκιάν.

69 2601 214 2672 κελεύει
241 2602 278 2668 δὲ
296 2603 398 2685 οἶμαι,
423 2599 466 2689 μη
492 2601 785 2690 ἀπαρακαλύπτως
809 2605 972 2687 κωμάζειν
994 2603 1070 2682 τούς
1093 2604 1129 2671 ἕν
1152 2608 1262 2696 ἡλικίᾳ

69 2714 214 2780 τούτου.
234 2704 276 2774 τά
288 2709 324 2774 δὲ
336 2707 437 2775 λοιπά
451 2718 508 2777 τοῦ
520 2712 669 2794 σώματος
682 2711 894 2798 διηκρίβωται
905 2708 1027 2777 πάντα.
1042 2713 1262 2800 περιλάμπον·

73 2846 132 2896 τος
145 2814 242 2883 arico?
256 2823 313 2882 τοῦ
325 2817 515 2901 λαμπαδίου
528 2829 585 2883 καῖ
594 2819 626 2891 ἐς
646 2825 713 2902 φιδς
724 2814 875 2900 άγοντος·
890 2812 909 2881 δ
920 2829 1075 2903 στέφανος
1088 2819 1124 2884 δὲ
1135 2823 1202 2886 τῶν
1214 2817 1261 2905 ῥά·

76 2929 150 2993 δων
170 2925 378 2990 ἐπαινείσθω
393 2935 464 3008 μέν,
482 2923 567 2990 οἷλλοὶ
584 2920 628 3011 μη
643 2924 710 2991 άπὸ
728 2928 786 2991 τοῦ
802 2925 906 3004 εἴδους
918 2962 960 2969 -
975 2930 1113 3003 ξανθοῖς
1129 2921 1261 3009 γάρκαὶ

77 3047 222 3108 κυανοῑς
246 3031 387 3113 εἰτύχοι
411 3032 580 3118 χρώμασιν
604 3033 847 3116 οἷπομιμεῑσθαι
882 3029 942 3109 τάς
966 3035 1032 3098 τῶν
1056 3034 1193 3100 α’νθίων
1222 3039 1260 3098 εί-

80 3138 191 3217 κδνας
216 3139 253 3204 ού
268 3148 371 3221 μέγας
396 3141 413 3203 δ
438 3131 544 3218 ἆθλος
560 3176 601 3182 -
620 3137 706 3204 άλλά
731 3140 882 3206 ἐπαινεῖν
904 3140 961 3228 χρη
986 3136 1023 3204 τδ
1048 3144 1174 3224 χαῦνον
1203 3144 1261 3207 τοῦ

80 3243 252 3332 στεφάνου
274 3255 330 3311 καὶ
354 3243 504 3311 ἁπαλόν·
530 3247 659 3312 ἐπαινοῖ
685 3257 740 3312 καῖ
764 3242 800 3311 τό
815 3244 963 3336 ἴνδροσον
986 3254 1053 3315 τοῖν
1076 3250 1181 3333 ῥόδων
1204 3261 1260 3315 καὶ

83 3365 171 3442 φημὶ
195 3349 386 3441 γεγράφθαι
410 3349 495 3420 αύτά
519 3351 601 3439 μετά
626 3361 683 3440 τῆς
707 3356 821 3440 δσμῆς’
847 3366 882 3419 τί
901 3355 1019 3421 λοιπδν
1041 3355 1100 3424 τοῦ
1124 3353 1259 3442 Κῶμον,-

84 3476 143 3525 etc.
171 3465 239 3523 Iam
262 3464 394 3540 sequitur
417 3463 579 3539 descriptio
603 3464 696 3540 ipsius
719 3464 936 3523 celebrantium
960 3466 1065 3525 turbae
1095 3477 1125 3526 et
1154 3468 1260 3526 instru-

84 3581 269 3643 mentorum,
295 3572 402 3649 quibus
425 3581 539 3631 veteres
563 3572 673 3631 talibus
696 3573 727 3630 in
750 3572 869 3648 pompis
894 3573 1060 3631 utebantur.

88 3749 303 3758 ————-.—

198 3853 219 3923 ¹)
237 3857 268 3905 in
293 3856 343 3906 boc
367 3858 490 3906 vocabulo
517 3857 635 3905 mendum
665 3856 742 3904 latere
762 3855 849 3914 elucet,
872 3854 932 3919 quid
951 3854 1018 3903 enim
1037 3855 1086 3903 sibi
1106 3856 1159 3905 vult
1186 3857 1259 3908 hasta

87 3948 111 3996 in
133 3947 212 3997 Comi
232 3947 365 4000 manibus?
384 3947 498 3996 Proxime
517 3947 550 3994 ad
573 3947 703 3995 ueritatem
723 3945 868 3994 Welckerus
894 3945 967 3994 nobis
993 3946 1125 3994 accessisse
1151 3947 1256 4011 videtur,

88 4038 129 4103 qui
148 4037 254 4103 quidem
273 4033 475 4106 προβόλιον
493 4037 606 4101 ignotum
627 4052 680 4084 esse
700 4035 843 4084 vestimenti
862 4034 901 4082 vel
920 4050 999 4098 genus
1018 4035 1058 4082 vel
1076 4051 1168 4084 nomen
1187 4044 1258 4099 puta·

88 4127 132 4178 rit.
173 4127 275 4176 Tamen
294 4125 356 4174 haec
375 4125 444 4174 vocis
463 4126 500 4174 vis
520 4124 618 4174 ostendi
637 4141 689 4173 non
707 4132 800 4187 potest.
821 4124 876 4172 Nos
895 4124 971 4172 aliam
990 4124 1154 4188 proponimus
1173 4125 1253 4174 viam:

88 4217 219 4268 scribimus
237 4215 424 4283 περιβολαί
430 4234 450 4284 φ
471 4215 608 4264 mutatione
631 4231 691 4263 sane
711 4215 824 4281 minima,
853 4214 873 4262 si
892 4214 1041 4277 compendia
1075 4214 1202 4263 simillima
1220 4230 1256 4262 re·

88 4308 217 4373 spicimus.
257 4305 329 4355 Haec
348 4323 397 4354 vox
415 4306 509 4368 optimc
535 4305 568 4354 ad
594 4321 694 4353 sensum
714 4304 788 4352 totius
813 4304 863 4353 loci
889 4303 1002 4367 quadrat.
1024 4298 1066 4351 'Ci.
1085 4303 1183 4352 Anecd.
1209 4303 1255 4352 Gr.

88 4399 194 4450 Bachm.
217 4397 272 4461 lp.
294 4396 361 4459 336:
384 4396 497 4447 πέπλον
518 4391 700 4464 περιβόλαιον·
721 4389 830 4464 ἱμάτιον
848 4394 1010 4462 γυναικεῖον,
1033 4393 1171 4442 Ηῐεὶιωιῒιιτ
1190 4401 1257 4443 vete·

87 4507 124 4541 res
141 4490 170 4539 in
190 4481 294 4557 κώμοις
312 4484 426 4534 muliebri
446 4485 545 4552 vestitu,
565 4492 592 4532 ut
610 4483 755 4533 Weickems
773 4484 792 4532 l.
812 4484 830 4532 l.
852 4481 1042 4533 demonstrarit.
