2880 4920
623 256 841 325 ..37-

137 443 243 520 νοίκος
265 440 577 528 ῠποοιρωννύοοσιν·
595 435 678 529 arira*
700 446 868 534 d’sr'ope‘par
883 442 1051 532 ἠλακάτην
1067 456 1123 512 καὶ
1142 443 1199 531 criu
1217 443 1313 535 ἄτρα-

137 575 230 626 κτον,
260 551 335 639 ἐρίῳ
361 551 394 615 δὲ
420 551 479 636 τήν
504 549 617 638 θύραν
641 563 824 639 περιστέφει
847 557 904 620 τοῦ
928 550 1057 640 ἄνδράς.

252 677 399 735 Videmus
424 678 512 754 igitur
534 689 647 736 veteres
664 679 801 737 homines
825 679 931 739 doctos
955 682 1080 738 multum
1104 699 1214 756 operae
1231 682 1312 739 labo·

135 785 243 859 risque
265 785 486 859 consumpssise
503 784 533 841 in
550 786 751 861 etymologica
766 787 794 843 T
796 786 881 844 alasii
898 786 979 845 vocis
997 787 1205 862 explicatione,
1223 807 1313 863 (luam

135 904 167 949 ut
195 893 353 948 firmarent
376 890 468 949 multa
492 911 528 950 ex
551 892 675 950 historia
698 892 814 968 rituque
837 893 963 968 nuptiali
987 906 1163 970 argumenta
1193 895 1313 954 arcessi-

135 1008 260 1056 verunt.
290 999 390 1071 Quare
415 1017 476 1055 uon
500 1000 606 1056 mirum
624 1011 677 1069 est,
703 1000 785 1075 quod
808 1001 884 1058 haec
908 1001 1067 1075 explicatio
1092 1021 1233 1078 magnam
1256 1001 1314 1061 sibi

135 1106 277 1181 antiquis
302 1107 485 1180 temporibus
510 1107 681 1165 conciliavit
705 1108 922 1166 auctoritatem.
1295 1095 1299 1103 ’

252 1233 354 1290 Arde
379 1231 438 1289 alia
461 1250 582 1307 quoque
606 1232 720 1290 Talasii
743 1232 826 1290 vocis
851 1232 1034 1309 etymologia
1057 1234 1206 1309 cogitasse
1236 1245 1313 1292 vete·

132 1359 182 1397 res
209 1339 353 1397 conicere
376 1339 446 1396 licet
469 1358 504 1397 ex
529 1339 564 1396 iis
588 1359 665 1415 quae
688 1341 827 1415 leguntur
850 1341 931 1415 apud
954 1342 1075 1399 Festum
1098 1361 1127 1416 p.
1154 1345 1216 1417 358
1243 1338 1312 1402 Tul·
1354 1377 1357 1383 ·

132 1444 203 1506 lion
222 1442 247 1523 ¹)
277 1440 467 1527 Cornificius
482 1444 595 1523 posuit
615 1443 699 1506 undo
722 1448 752 1506 et
775 1442 935 1506 Talassus.
985 1444 1111 1507 Tullum
1135 1444 1197 1507 alii
1220 1445 1311 1528 folli-

129 1551 248 1615 culum
273 1571 370 1631 cepoe.
396 1588 438 1594 —-
462 1554 495 1611 ld
522 1554 643 1628 quidem
667 1565 802 1628 apertum
826 1565 870 1611 est
892 1564 961 1629 post
992 1574 1098 1613 vocem
1126 1549 1314 1636 Cornificiae

128 1662 180 1720 vel
209 1658 410 1736 postposuit
431 1662 580 1735 quaedam
606 1660 801 1730 intercidisse,
819 1679 887 1718 curn
911 1680 972 1719 non
997 1663 1122 1731 dicatur,
1147 1682 1202 1737 pro
1213 1656 1236 1738 2)
1252 1682 1312 1737 qua

126 1788 173 1838 re,
195 1787 262 1842 qua
281 1767 310 1823 in
327 1767 546 1843 significatione
564 1767 742 1824 Cornificius
759 1785 828 1824 usus
846 1767 883 1824 sit
899 1787 974 1826 voce
992 1764 1078 1827 lulla.
1097 1769 1311 1841 Quaerendum

127 1876 239 1952 igitur,
266 1894 343 1949 quae
367 1875 459 1932 verba
483 1875 534 1932 illo
557 1876 626 1932 loco
651 1873 863 1932 interciderint.
926 1877 996 1949 Qua
1020 1876 1049 1932 in
1073 1895 1105 1934 re
1128 1876 1160 1934 id
1183 1876 1311 1951 primunr

125 1981 331 2041 statuendum
356 1999 421 2040 esse
444 1982 561 2040 videtur
591 1982 652 2039 duo
685 1981 736 2039 illa
770 1981 924 2040 enuntiata
958 1982 1104 2040 artissime
1134 1983 1309 2052 cohaerere,

126 2110 208 2148 cum
228 2089 272 2146 ita
295 2100 410 2146 tantum
430 2085 541 2148 lullum
559 2089 746 2147 accusativus
763 2089 793 2146 in
810 2090 975 2165 posteriore
999 2091 1153 2149 enuntiato
1170 2089 1312 2164 explicari

127 2196 245 2274 possit.
295 2196 463 2254 Reicienda
489 2197 546 2253 hac
570 2197 609 2255 de
633 2215 723 2253 causa
748 2207 792 2253 est
816 2196 989 2255 coniectura
1013 2197 1133 2272 losephi
1158 2196 1311 2271 Scaligeri,

128 2304 188 2380 qui
217 2303 347 2360 scribere
371 2303 477 2361 voluit:
507 2299 619 2361 lullum
642 2299 749 2362 attat
764 2299 949 2381 folliculata
972 2299 1021 2362 tul
1043 2321 1142 2380 cepae.
1179 2305 1218 2360 At
1241 2322 1310 2361 usus

129 2422 180 2469 est
209 2409 387 2468 Cornificius
411 2429 485 2468 voce
512 2412 568 2468 tal
586 2412 624 2468 la
648 2412 687 2469 ad
711 2411 824 2468 'l‘alasii
849 2430 960 2468 nomen
985 2411 1205 2486 explicandum,
1231 2412 1310 2469 unde

131 2519 245 2576 tallam
269 2516 409 2575 habuisse
434 2518 504 2574 vim
521 2517 745 2592 nuptialem
770 2526 860 2591 patet.
888 2518 975 2590 Quae
999 2536 1068 2575 vero
1093 2517 1180 2574 fuerit
1203 2517 1311 2592 prima-

132 2626 182 2683 ria
209 2623 390 2698 significatio
414 2625 496 2682 vocis
521 2625 613 2681 verba
629 2619 815 2703 folliculum
840 2641 931 2699 corrue
962 2624 1051 2681 nobis
1082 2633 1184 2698 aperte
1214 2633 1311 2682 osten-

133 2734 224 2791 dunt.
245 2730 405 2789 Folliculus
430 2730 510 2787 euim
533 2731 612 2788 valet
636 2749 696 2786 non
721 2730 817 2786 solum
841 2739 939 2802 cutem
955 2723 980 2811 ³)
1004 2729 1196 2805 leguminum,
1214 2731 1309 2805 grani,

134 2840 291 2905 arborum,
317 2837 466 2911 pecudum
491 2837 715 2912 hominumque,
740 2837 794 2894 sed
818 2836 918 2907 etiam,
945 2837 1027 2912 quod
1062 2837 1150 2894 nobis
1175 2837 1309 2913 gravissi-

133 2965 222 3006 mum
259 2955 311 3014 est,
337 2946 493 3002 vulvam
527 2934 778 3006 muliebrem.
827 2946 909 3003 Serv.
942 2944 981 3002 ad
1004 2945 1094 3029 Verg.
1124 2944 1160 3001 G.
1187 2945 1308 3019 111136

133 3124 352 3134 Ρ*

134 3251 306 3300 militudinem
327 3252 457 3298 verborum
477 3255 677 3311 comparatorum
710 3247 890 3296 nanciscamur.
928 3245 998 3294 Idem
1023 3245 1167 3294 Glacsserus
1193 3245 1308 3294 animael-

134 3341 212 3389 vcrtit
232 3340 249 3387 l.
271 3341 288 3387 l.
310 3357 335 3402 p.
361 3340 418 3389 188.

248 3443 268 3511 ¹)
288 3448 334 3495 Pro
354 3447 470 3495 taliam
490 3445 646 3493 scribendum
666 3460 719 3493 esse
740 3443 859 3492 tallam
889 3448 953 3505 recte
972 3442 1022 3490 iam
1041 3430 1151 3504 Scaliger
1171 3444 1303 3506 coguovit;

134 3539 171 3587 cf.
195 3537 276 3584 Lucil.
299 3553 340 3599 ap.
361 3537 430 3584 Non.
452 3551 477 3599 p.
500 3548 560 3583 201.
600 3534 663 3596 (162
683 3531 802 3598 Lachm.)

196 3626 346 3674 Flebile
375 3641 460 3688 cepe
488 3623 599 3671 simul
626 3622 928 3684 lacrimosaeque
957 3619 1090 3669 ordine
1118 3620 1249 3670 tallae.

134 3717 225 3765 Gloss.
247 3716 362 3768 Philon:
385 3715 468 3763 talla
491 3707 680 3782 κρομμύου
706 3711 865 3779 Naupor,

247 3819 269 3888 2)
289 3824 416 3871 Ponere
436 3836 533 3884 semper
546 3836 601 3868 cum
620 3835 675 3882 pro
695 3818 880 3882 praepositione
894 3819 959 3882 apud
972 3819 1072 3868 Festum
1087 3819 1246 3868 coniunctum
1259 3827 1304 3868 est.

247 3927 268 3996 ³)
288 3931 329 3978 Cf.
351 3931 439 3978 Senec.
460 3935 555 3992 quaest.
578 3934 657 3974 natur.
678 3926 745 3974 Vra
775 3925 849 3973 uisi
876 3934 976 3974 esset
1003 3927 1098 3990 quod
1125 3927 1306 3975 latentem

135 4022 280 4082 frugem
305 4015 783 4082 ruptisvelamentissuis¹
806 3996 1129 4078 quae'folliculos
1158 4015 1306 4079 agrico-

133 4113 196 4158 lae
224 4118 377 4175 vocant,
408 4105 643 4170 adaperiret;
667 4104 755 4152 Senec.
779 4120 820 4166 ep.
845 4117 893 4163 124
921 4120 994 4152 cum
1022 4105 1127 4168 spica
1155 4121 1190 4155 se
1210 4121 1305 4155 exse·

134 4201 185 4248 rit
214 4197 414 4253 folliculo;
444 4196 476 4243 cf.
504 4198 611 4258 August.
639 4194 666 4242 d.
693 4195 762 4242 civit.
791 4194 817 4241 d.
844 4195 930 4259 11173
967 4195 1056 4256 Papias
1083 4211 1104 4242 s.
1126 4212 1150 4243 v.
1172 4195 1303 4244 folliculus.

134 4290 203 4337 Pliu.
226 4288 251 4333 li.
274 4304 299 4334 n.
320 4287 441 4343 xxtvt,
457 4298 489 4348 33
509 4284 715 4333 folliculus
743 4284 907 4341 arboris;
937 4313 972 4321 —
995 4294 1080 4351 12‚37
1101 4284 1306 4333 folliculus

134 4375 592 4427 cuiuslibetauimalium.
624 4373 704 4421 Lucil.
726 4389 767 4436 ap.
789 4373 905 4436 Nomp.
929 4374 1111 4438 rroegosi
1133 4375 1303 4445 (irrisum,

134 4479 169 4522 et
198 4483 266 4532 quo
295 4464 479 4514 folliculo
507 4478 599 4513 nunc
627 4477 699 4512 sum
727 4460 949 4513 indutusetc.
