2880 4920
598 285 818 340 „17-

112 462 153 519 de
180 462 217 519 iis
242 463 390 531 audimus,
416 466 552 540 profecto
576 464 712 521 nondum
729 465 807 522 valet
832 465 871 522 ad
895 466 1040 540 originem
1065 483 1167 522 earum
1192 483 1290 522 recen.-

111 570 224 627 tiorern
249 572 524 630 demonstrandam.

680 715 717 770 V.

225 821 375 892 Quattuor
409 821 497 895 igitur
531 821 640 878 nostris
679 822 847 879 fabularum
884 822 923 880 de
957 823 1137 895 Hymenaeo
1172 821 1289 879 circulis

112 928 302 1001 perlustratis
332 927 515 1003 inquiramus
548 928 674 994 fabulas
713 947 791 1003 quae
826 947 887 985 non
924 947 977 1003 per
1009 938 1103 986 totam
1129 929 1289 986 Graeciam

111 1043 201 1090 crant
227 1036 433 1110 pervulgatae,
467 1035 520 1093 sed
551 1044 664 1092 certum
700 1036 739 1093 ad
774 1036 874 1093 locum
910 1036 1097 1110 spectabant.
1145 1035 1185 1092 Iis
1209 1035 1288 1093 enim

112 1141 143 1198 in
164 1141 350 1216 regionibus,
369 1142 398 1199 in
424 1143 533 1217 quibus
551 1145 746 1217 Hymenaeus
763 1151 881 1218 praeter
896 1152 1011 1200 ceteros
1035 1143 1190 1200 colebatur
1204 1143 1288 1213 deos,

112 1249 205 1306 facile
231 1250 421 1325 fingebantur
444 1250 574 1321 fabulae,
593 1269 670 1325 (prae
689 1268 779 1325 quam
796 1259 858 1308 arte
875 1251 948 1308 deus
964 1249 1105 1324 nuptialis
1130 1268 1197 1306 curn
1221 1251 1289 1307 loco

112 1357 182 1430 ipso
208 1357 391 1423 cohaereret,
418 1358 618 1415 ostenderent.

222 1466 268 1520 Ac
291 1464 397 1521 mirum
422 1465 553 1539 quidem,
580 1466 662 1539 quod
687 1484 791 1522 omnes
815 1464 901 1521 huius
925 1464 1043 1538 generis
1060 1465 1181 1522 fabulae
1205 1483 1288 1540 prae⁴

111 1582 157 1628 ter
182 1590 273 1628 unam
299 1582 389 1647 agunt
414 1573 451 1630 de
476 1591 492 1629 a
505 1592 533 1629 m
546 1580 563 1629 o
576 1592 588 1628 r
599 1594 615 1630 e
640 1592 659 1647 p
671 1592 688 1629 ιι
701 1592 716 1630 e
728 1591 769 1629 ro
781 1591 822 1629 ru
834 1591 873 1641 m,
899 1589 987 1646 quem
1011 1584 1126 1630 veteres
1152 1572 1181 1628 in
1194 1573 1287 1630 'l'hra-

109 1679 159 1734 cia
184 1677 224 1734 ab
242 1679 365 1752 Orpheo
382 1680 426 1736 rel
445 1680 596 1753 'l‘bamyra
620 1680 773 1737 inventum
797 1679 981 1754 demigrasse
1005 1679 1162 1737 meridiem
1185 1698 1287 1738 versus

110 1785 141 1841 in
161 1785 323 1842 Graeciam
348 1785 443 1860 ipsam
468 1785 687 1844 existimabant.
726 1786 911 1844 Coniunctus
936 1798 1035 1845 autem
1059 1798 1102 1845 est
1128 1807 1146 1844 a
1162 1786 1286 1845 Graecis

109 1912 180 1950 cnm
207 1894 264 1950 hac
288 1892 458 1968 turpissima
482 1895 700 1952 consuetudine
724 1895 797 1953 deus
822 1894 972 1969 nuptialis,

216 2001 435 2075 Antiquissima
469 2003 573 2059 harum
609 2003 778 2060 fabularum
814 2001 877 2060 sine
913 2002 1007 2060 dubio
1041 2001 1093 2059 illa
1127 2012 1180 2070 est,
1207 2020 1285 2076 qnae

110 2111 393 2184 Hymenaeum
418 2128 435 2165 a
459 2110 669 2184 'l'hamyra
692 2109 758 2184 ipso
775 2109 837 2166 vitii
855 2109 1009 2166 inventore
1027 2119 1199 2166 amatum
1220 2128 1286 2167 esse

109 2217 255 2292 tingebat.
303 2218 376 2274 Suid
410 2237 431 2274 s.
468 2237 495 2275 v.
534 2217 808 2300 Θάμιιρις..,...
839 2221 966 2300 πρῶτος
996 2214 1129 2300 ἠράσθη
1165 2214 1287 2294 παιδός

109 2321 313 2407 ‘l'pnoroub
336 2322 489 2408 calliopa.
516 2323 588 2390 ιιῖοὖ
620 2323 810 2408 Καλλιόπης
833 2335 888 2389 καὶ
918 2324 1106 2410 Μάγνητος.
1143 2325 1192 2382 Ad
1217 2343 1285 2382 ean-

109 2434 179 2490 dem
206 2452 267 2490 rem
294 2444 408 2507 spectat
444 2434 534 2491 etiam
568 2435 652 2491 locus
676 2434 857 2509 Apollodori
881 2436 941 2508 13,
962 2450 990 2508 3,
1027 2435 1065 2492 de
1102 2450 1161 2508 quo
1197 2450 1287 2507 supra

109 2541 255 2597 diximus:
283 2533 386 2602 Κλειώ
419 2540 452 2603 di
481 2545 599 2628 Hispan
633 2538 692 2604 τοῦ
715 2535 893 2625 Μάγνητος
932 2535 1148 2624 rigaudo...
1183 2537 1288 2604 ‹11›st-

110 2653 219 2712 anana
245 2647 280 2711 dr*
314 2647 483 2733 ἐγέιίἠσιν
513 2648 550 2723 ἐξ
581 2649 683 2715 αὐτοῦ
715 2649 821 2712 παῖδα
853 2648 1033 2731 (ὶίιέιιαιον.
1068 2639 1107 2712 οἶ
1140 2642 1287 2733 Θάμυρις

114 2807 191 2817 ....
223 2750 314 2836 ἴσχεν
337 2753 441 2843 ἔρωτα
466 2753 593 2840 πρῶτος
617 2747 799 2844 ἄρξάμενος
821 2752 902 2842 ἐρᾶν
926 2745 1078 2837 frigidarum.

223 2865 313 2920 Hanc
337 2880 436 2921 autem
460 2865 593 2922 fabulam
619 2864 867 2941 Magnesiae
897 2859 992 2921 ortam
1017 2883 1082 2922 esse
1113 2863 1201 2921 facile
1237 2881 1285 2919 co*

112 2971 289 3047 gnoscimus
314 2991 350 3030 ex
375 2974 496 3031 nomine
521 2976 583 3031 Ma
592 2975 744 3050 gnetis.
785 2974 834 3031 Ad
858 2974 987 3032 eandem
1017 2971 1206 3047 Magnesiam
1242 2988 1284 3027 re-

109 3081 238 3138 serenda
254 3090 298 3138 est
314 3081 403 3138 etiam
421 3083 524 3139 fabula
541 3083 580 3139 ab
597 3083 752 3140 Antonino
770 3081 902 3139 Liberali
927 3081 1027 3150 allata,
1046 3079 1076 3136 in
1094 3098 1154 3154 qua
1170 3079 1282 3153 Hyme-

109 3206 201 3245 naeus
228 3188 378 3263 Magnetis
402 3189 479 3245 lilius
504 3190 542 3246 ab
567 3190 709 3265 Apolline
734 3199 849 3247 amatus
873 3189 990 3246 dicitur.
1040 3185 1196 3245 Cornelius
1218 3186 1283 3242 Bal-

109 3296 163 3352 bus
189 3313 311 3369 quoque
336 3296 426 3353 deum
450 3306 583 3355 nostram
609 3298 759 3373 Magnetis
783 3296 876 3354 filium
900 3296 991 3354 fuisse
1015 3296 1152 3353 affirmat.

216 3402 374 3459 Habemus
399 3402 488 3477 igitur
511 3414 650 3478 quattuor
680 3404 807 3473 fabulaS,
840 3404 948 3478 quibus
984 3404 1179 3477 Hymenaeus
1214 3419 1282 3458 cum

109 3513 253 3585 Magnete
278 3508 476 3584 coniungitur,
503 3528 579 3584 qnae
605 3530 650 3568 res
674 3529 747 3568 sane
764 3510 941 3586 Magnesiae
958 3528 1025 3568 eum
1039 3509 1148 3584 insigni
1172 3509 1284 3566 cultum

109 3618 196 3675 :uisse
222 3616 415 3675 veneratione
440 3618 634 3675 demonstrat.

213 3724 283 3782 Alia
307 3725 409 3782 fabula
432 3725 456 3782 si
488 3725 585 3783 minus
610 3725 799 3801 Magnesiam
835 3725 932 3801 ipsam
965 3735 1066 3782 tamen
1090 3722 1280 3782 Thessaliam

109 3844 245 3909 spectans
270 3831 340 3888 item
364 3832 402 3889 de
428 3851 529 3891 amore
554 3833 637 3908 pueri
655 3833 725 3908 agit.
762 3833 886 3908 Legitur
909 3833 990 3908 apud
1013 3841 1281 3890 commentatorem

109 3940 354 3999 lemovicensem
375 3941 501 4014 Vergilii
525 3941 564 3998 ad
588 3943 643 3999 ecl.
661 3941 737 3998 Vlll
753 3961 779 3998 v.
810 3961 850 4014 30
882 3934 923 3999 In
940 3936 1044 3999 eodem
1060 3941 1163 3999 rnontr
1178 3937 1281 4016 (Oeta)

109 4047 267 4126 Hesperus
291 4043 352 4108 coli
375 4044 501 4125 dicitnr,
526 4047 582 4127 orrr'
593 4045 812 4127 Hmnrnucnnr
835 4045 1009 4125 ‹speciosum-
1025 4064 1162 4124 punann
1178 4062 1279 4105 narras·

109 4178 133 4213 ,ι’
157 4155 286 4216 dr'cibrr

204 4263 359 4362 ¹)-Le1inep
387 4297 419 4345 ad
439 4297 550 4350 Colluth,
579 4306 642 4361 rapt,
662 4297 722 4350 Hel.
750 4296 876 4349 animadv.
902 4297 926 4343 Il
953 4311 1009 4358 cap.
1040 4295 1077 4343 IX
1103 4312 1127 4344 v.
1156 4306 1206 4358 235
1233 4310 1277 4358 pro

113 4393 288 4458 l'yrrurcc'ov
309 4387 438 4450 proposuit
456 4387 525 4434 nisus
543 4387 695 4450 Apollodori
719 4388 775 4436 loco
794 4388 806 4435 I
826 4399 852 4453 3,
875 4399 889 4448 3
909 4381 1103 4445 Ὑακίνθου,
1121 4385 1188 4449 quod
1207 4385 1278 4434 nullo

110 4481 178 4527 rnnln
199 4477 299 4542 probari
320 4484 400 4539 polest
432 4478 463 4531 cl,
484 4494 526 4541 pg,
548 4487 571 4537 7.

889 4577 902 4611 2
