2880 4920
707 221 925 293 *84*

232 422 371 481 tationes,
419 420 554 494 Quarum
578 417 674 492 prima
697 417 825 476 occurrit
849 418 930 493 apud
954 418 1240 494 Hieronymum
1263 420 1294 479 in
1319 424 1402 483 addi-

232 529 372 588 tamentis
395 527 435 586 ad
469 525 646 584 Euscbii
670 525 802 583 chronic.
828 527 841 582 I
866 526 913 584 ed.
940 527 1078 586 Schoene
1102 547 1131 602 p.
1159 530 1196 584 81
1216 562 1257 570 -
1280 523 1403 592 Cirrat-

234 633 323 696 sibus
345 630 514 696 adornatis
541 626 755 693 Consualibus
789 628 873 693 lerdis
896 628 1036 692 Sabinae
1070 636 1182 710 raptae
1213 638 1289 696 sarit
1316 656 1401 698 arrato

234 762 264 802 a.
289 762 319 804 u.
346 759 368 802 e.
395 738 495 818 tertio,
518 740 548 798 et
567 756 634 799 unu
656 737 817 819 etryinnrn
835 735 1054 816 pericherrirna
1087 743 1269 802 annotarunt
1302 741 1402 805 aocla-

232 847 371 910 natione
393 842 588 923 rapientium
614 840 746 905 Tabassa
771 841 844 905 eluci
865 841 999 906 Romuli
1022 842 1209 909 decernitur.
1254 844 1343 910 Unde
1366 849 1402 911 in

232 954 419 1036 nuptiarum
442 948 696 1013 solemnitatibus
721 949 852 1013 Talasso
875 949 967 1033 nrrlpo
994 949 1177 1034 cbrvrnitaut,
1200 953 1287 1032 qnod
1317 954 1401 1017 scili-

232 1065 278 1125 cet
300 1059 375 1124 tulis
396 1061 497 1139 nupta
520 1056 570 1137 sit,
596 1076 675 1138 anae
700 1056 867 1121 Talassurn
891 1057 1004 1121 babere
1028 1064 1193 1124 utaentur.
1212 1066 1325 1123 -Est
1348 1065 1401 1140 igi-

232 1184 278 1231 tur
311 1171 414 1229 fabula
449 1167 551 1243 paullo
586 1176 700 1225 mutata
732 1168 779 1225 vel
813 1178 844 1225 ut
876 1168 1043 1228 accuratius
1076 1169 1211 1228 dicamus
1248 1182 1399 1247 corrupta.

230 1277 341 1337 Hausit
362 1294 434 1335 vero
456 1274 658 1348 Hieronymus
683 1275 865 1333 Mommseni
880 1271 904 1352 1)
939 1275 993 1333 viri
1028 1276 1184 1335 clarissimi
1208 1279 1353 1354 opinione
1384 1299 1402 1339 e

229 1385 347 1461 perdita
370 1383 502 1459 quadam
525 1362 638 1440 Latina
657 1381 781 1439 historia
804 1383 842 1440 de
866 1382 983 1458 origine
1004 1383 1101 1458 gentis
1124 1385 1282 1444 Romanae
1306 1387 1401 1444 verba

229 1492 307 1551 Livii
329 1501 392 1551 turn
415 1488 640 1548 contaminante
662 1499 725 1547 tum
748 1489 902 1548 dilatante.

334 1599 469 1657 Alteram
491 1597 613 1655 fabulae
635 1606 756 1655 nostrae
792 1597 988 1656 mutationem
1023 1600 1105 1674 apud
1140 1599 1325 1658 Servium
1358 1602 1400 1659 ad

228 1709 319 1783 Verg.
332 1708 410 1765 Aen.
424 1707 438 1762 Ι
454 1706 513 1781 651
531 1703 704 1778 reperimus,
719 1723 808 1778 quem
822 1705 980 1780 descripsit
993 1708 1118 1781 mytho
1127 1726 1146 1783 g
1156 1708 1247 1783 raph
1261 1726 1306 1765 us
1324 1710 1352 1764 V
1363 1728 1398 1767 a·

228 1815 383 1873 ticanns
406 1814 523 1886 11219.
571 1810 672 1886 Pergit
693 1811 753 1880 ille,
778 1822 939 1886 postquam
962 1815 1176 1888 Hymenaeum
1207 1811 1291 1875 inter
1316 1811 1399 1875 bella·

227 1917 415 1982 saevissima
441 1917 570 1993 virgines
611 1918 757 1976 liberasse
789 1919 873 1988 dixit,
907 1922 1103 1994 quamobrem
1135 1921 1221 1997 quasi
1253 1921 1411 1980 liberator·

227 2026 405 2104 virginitatis
429 2035 614 2083 cantaretur:
641 2021 833 2086 binoctium
856 2024 945 2104 apud
964 2023 1129 2088 Romanos
1155 2024 1286 2088 Talasio
1310 2026 1397 2089 inno·

228 2137 325 2196 catur.
376 2127 454 2193 Oura
478 2129 562 2192 enini
584 2129 620 2192 in
642 2133 749 2208 raptu
762 2128 958 2195 Sabinarum
984 2131 1127 2212 plebeius
1159 2132 1291 2215 quirbam
1323 2154 1396 2212 rap-

228 2244 291 2302 tam
308 2236 558 2319 pulcherrimam
584 2235 716 2317 duceret,
733 2258 772 2301 ne
795 2237 824 2300 ei
847 2236 1027 2320 uersaretur
1042 2238 1082 2301 ab
1106 2238 1194 2321 ratiis,
1211 2237 1397 2303 Telesinus

227 2366 296 2410 ean
320 2344 409 2408 dacis
432 2342 552 2407 nobilis
575 2362 639 2407 esso
660 2343 833 2426 antularit,
858 2346 947 2409 ruins
968 2346 1096 2409 nantino
1116 2344 1184 2427 fuit
1201 2345 1327 2426 praellae
1351 2351 1394 2410 tn-

227 2458 259 2516 ta
280 2451 459 2535 niryinitas

331 2564 377 2621 Ac
399 2572 503 2621 nostra
526 2560 647 2637 quidem
672 2560 816 2636 opinione
841 2561 1027 2621 Siebdratius
1043 2555 1066 2639 2)
1090 2572 1170 2620 recte
1186 2562 1329 2622 iudicavit
1353 2565 1394 2622 sa-

225 2671 328 2730 bulam
351 2688 370 2727 a
393 2669 496 2727 Servio
520 2668 586 2743 ipso
610 2677 754 2726 mutatam
779 2687 853 2739 esse,
879 2678 911 2725 ut
933 2669 1039 2727 melius
1065 2681 1167 2744 posset
1190 2671 1319 2728 conferri
1335 2673 1392 2728 Ta·

223 2777 314 2838 lasius
337 2795 407 2836 cum
429 2779 617 2852 Hymenaee.
666 2778 746 2836 Tota
769 2787 867 2836 autem
891 2776 1024 2835 narratio
1047 2777 1119 2835 nihil
1145 2779 1223 2837 valet
1247 2778 1286 2836 ad
1319 2796 1392 2852 nup-

222 2886 330 2944 tiarum
354 2884 602 2943 consuetudinem
625 2883 844 2959 explicandam.

329 2992 425 3051 Aliter
447 2991 550 3051 sabula
573 2991 612 3049 ab
635 2991 805 3050 Isidoro
829 2991 948 3065 etymol.
974 2993 1032 3049 XV
1045 2993 1107 3065 3,6
1132 3002 1284 3053 narratur:
1312 2988 1391 3053 Tba-

225 3097 342 3162 tamnm
366 3095 425 3160 buo
448 3115 485 3158 en
508 3100 768 3159 causamentum
784 3093 906 3178 saun.
959 3093 1037 3158 Cum
1061 3096 1144 3158 enini
1166 3101 1278 3176 raptae
1305 3095 1390 3177 fuis-

224 3209 295 3270 sent
316 3225 337 3268 a
359 3203 518 3267 Romanis
540 3201 689 3284 Sabaeae,
708 3222 745 3266 ea
768 3202 883 3285 onibus
906 3223 975 3266 nuru
997 3222 1063 3267 una
1087 3208 1160 3267 ante
1182 3202 1268 3266 abtas
1290 3205 1392 3283 specie

222 3310 341 3376 nobilis
364 3330 434 3374 eunt
456 3331 574 3392 maana
596 3310 737 3373 omniurn
760 3310 973 3374 nannmuone
995 3315 1169 3392 raperetur,
1189 3309 1358 3375 Talanoni
1366 3309 1390 3392 ³)

223 3418 298 3483 clari
321 3439 389 3481 earn
413 3416 540 3482 oraculo
564 3436 748 3498 responsant
772 3422 824 3498 est,
849 3421 878 3479 et
900 3417 1052 3500 qnoniam
1076 3415 1135 3480 bae
1157 3418 1288 3498 nuptiae
1312 3416 1389 3500 feli-

223 3527 485 3605 marcesserunt,
509 3524 689 3588 institutum
713 3529 765 3606 est,
792 3529 829 3588 ut
858 3525 894 3588 in
926 3524 1073 3589 omnibns
1098 3525 1222 3605 nuptiis
1255 3523 1391 3587 tbalruui

221 3652 335 3696 nonen
368 3633 542 3695 iteraretur.
588 3629 740 3714 Aeyyptii
774 3651 893 3714 qaoque
929 3631 1039 3713 biunna
1061 3651 1122 3696 saa
1148 3631 1235 3714 nea,
1260 3633 1296 3695 in
1321 3633 1389 3714 arri-

223 3739 281 3804 bns
302 3738 451 3803 nubentes
473 3738 642 3803 moerebunt
663 3743 693 3802 et
712 3738 874 3820 incubant,
899 3737 1072 3804 thalannrnr
1094 3739 1270 3802 nominant.
1284 3737 1309 3819 ⁴)

329 3989 348 4058 ¹)
367 3992 448 4041 Ueber
465 3991 491 4039 d.
514 3990 728 4054 Chronographen
747 4006 771 4039 v.
790 3989 814 4054 J.
836 3999 896 4053 354,
918 4005 962 4054 pp.
984 3989 1036 4038 680
1054 3996 1078 4038 et
1097 3989 1158 4050 691.
1198 3988 1312 4055 (Comm.
1333 4005 1386 4038 soc.

221 4082 313 4132 Saxon.
334 4081 394 4130 hist.
416 4089 441 4129 et
460 4080 549 4144 philol.
570 4080 640 4144 Lips.
665 4077 754 4146 1850.)

327 4167 349 4238 2)
367 4170 477 4221 Theou.
497 4169 601 4233 epithal.
622 4170 737 4220 Helenae
755 4185 781 4233 p.
803 4181 845 4231 31.

326 4257 348 4327 8)
367 4258 443 4308 Hanc
462 4259 576 4309 codicum
594 4259 727 4309 lectionem
746 4258 797 4309 iure
816 4258 938 4308 Arevalus
956 4267 981 4308 et
1000 4258 1062 4309 Otto
1091 4265 1246 4309 mutaverunt
1272 4257 1298 4306 in
1317 4256 1386 4308 Ta·

226 4348 392 4415 assioni,
413 4349 439 4398 id
458 4347 618 4414 quodetiam
637 4348 706 4397 locus
725 4347 816 4410 Papiae
835 4346 899 4413 (vid.
921 4356 974 4397 not.
994 4346 1022 4414 4)
1042 4348 1206 4397 demonstrat.

326 4435 348 4507 4)
367 4438 512 4487 Exlsidoro
531 4437 613 4486 hausit
628 4437 718 4499 Papias
737 4454 758 4485 s.
779 4452 802 4485 v.
825 4437 1025 4486 Talassius
1044 4437 1119 4485 dici
1139 4437 1267 4504 lcrtur¹
1288 4437 1385 4507 quia¹
