<?xml version="1.0" encoding="UTF-8"?>
<!DOCTYPE html PUBLIC "-//W3C//DTD XHTML 1.0 Transitional//EN"
    "http://www.w3.org/TR/xhtml1/DTD/xhtml1-transitional.dtd">
<html xmlns="http://www.w3.org/1999/xhtml" xml:lang="en" lang="en">
 <head>
  <title>
</title>
<meta http-equiv="Content-Type" content="text/html;charset=utf-8" />
  <meta name='ocr-system' content='tesseract 3.04.00' />
  <meta name='ocr-capabilities' content='ocr_page ocr_carea ocr_par ocr_line ocrx_word'/>
</head>
<body>
  <div class='ocr_page' id='page_1' title='image "./dehymenaeoettal00schmgoog_0067.png"; bbox 0 0 2880 4920; ppageno 0'>
   <div class='ocr_carea' id='block_1_1' title="bbox 697 252 918 311">
    <p class='ocr_par' dir='ltr' id='par_1_1' title="bbox 697 252 918 311">
     <span class='ocr_line' id='line_1_1' title="bbox 697 252 918 311; baseline 0 -16"><span class='ocrx_word' id='word_1_1' title='bbox 697 252 828 311; x_wconf 56' lang='lat'>„60</span> <span class='ocrx_word' id='word_1_2' title='bbox 875 286 918 295; x_wconf 71' lang='lat'>...-</span> 
     </span>
    </p>
   </div>
   <div class='ocr_carea' id='block_1_2' title="bbox 217 448 1399 1902">
    <p class='ocr_par' dir='ltr' id='par_1_2' title="bbox 219 448 1393 740">
     <span class='ocr_line' id='line_1_2' title="bbox 219 448 1393 524; baseline -0.002 -16"><span class='ocrx_word' id='word_1_3' title='bbox 219 449 275 508; x_wconf 91' lang='lat' dir='ltr'>bus</span> <span class='ocrx_word' id='word_1_4' title='bbox 306 449 430 524; x_wconf 86' lang='lat' dir='ltr'>longam</span> <span class='ocrx_word' id='word_1_5' title='bbox 453 449 509 507; x_wconf 85' lang='lat' dir='ltr'>fert</span> <span class='ocrx_word' id='word_1_6' title='bbox 536 450 642 508; x_wconf 85' lang='lat' dir='ltr'>facem.</span> <span class='ocrx_word' id='word_1_7' title='bbox 679 450 729 509; x_wconf 95' lang='lat' dir='ltr'>Ad</span> <span class='ocrx_word' id='word_1_8' title='bbox 754 459 862 507; x_wconf 89' lang='lat' dir='ltr'>statum</span> <span class='ocrx_word' id='word_1_9' title='bbox 887 448 1056 523; x_wconf 87' lang='lat' dir='ltr'>Hymenaei</span> <span class='ocrx_word' id='word_1_10' title='bbox 1080 448 1288 507; x_wconf 88' lang='lat' dir='ltr'>Rossbachius</span> <span class='ocrx_word' id='word_1_11' title='bbox 1314 467 1393 506; x_wconf 88' lang='lat' dir='ltr'>com·</span> 
     </span>
     <span class='ocr_line' id='line_1_3' title="bbox 220 556 859 631; baseline -0.002 -16"><span class='ocrx_word' id='word_1_12' title='bbox 220 565 307 630; x_wconf 85' lang='lat' dir='ltr'>parat</span> <span class='ocrx_word' id='word_1_13' title='bbox 328 573 430 614; x_wconf 89' lang='lat' dir='ltr'>versus</span> <span class='ocrx_word' id='word_1_14' title='bbox 456 556 542 616; x_wconf 90' lang='lat' dir='ltr'>Statii</span> <span class='ocrx_word' id='word_1_15' title='bbox 565 556 629 614; x_wconf 89' lang='lat' dir='ltr'>silv.</span> <span class='ocrx_word' id='word_1_16' title='bbox 655 558 711 626; x_wconf 88' lang='lat'>12,</span> <span class='ocrx_word' id='word_1_17' title='bbox 730 573 787 630; x_wconf 85' lang='lat'>237</span> <span class='ocrx_word' id='word_1_18' title='bbox 815 574 859 631; x_wconf 94' lang='lat' dir='ltr'>sq.</span> 
     </span>
     <span class='ocr_line' id='line_1_4' title="bbox 792 658 1272 740; baseline 0.002 -19"><span class='ocrx_word' id='word_1_19' title='bbox 792 658 865 724; x_wconf 81' lang='lat' dir='ltr'>Iam</span> <span class='ocrx_word' id='word_1_20' title='bbox 889 660 1008 724; x_wconf 71' lang='lat' dir='ltr'>dullum</span> <span class='ocrx_word' id='word_1_21' title='bbox 1025 664 1118 740; x_wconf 80' lang='lat' dir='ltr'><em>poste</em></span> <span class='ocrx_word' id='word_1_22' title='bbox 1138 659 1272 725; x_wconf 76' lang='lat' dir='ltr'>reclinis</span> 
     </span>
    </p>

    <p class='ocr_par' dir='ltr' id='par_1_3' title="bbox 217 765 1399 1902">
     <span class='ocr_line' id='line_1_5' title="bbox 352 765 1269 849; baseline -0.002 -19"><span class='ocrx_word' id='word_1_23' title='bbox 352 765 485 847; x_wconf 73' lang='lat' dir='ltr'>Quaerit</span> <span class='ocrx_word' id='word_1_24' title='bbox 504 766 633 849; x_wconf 72' lang='lat' dir='ltr'>Hymen</span> <span class='ocrx_word' id='word_1_25' title='bbox 657 767 809 832; x_wconf 73' lang='lat' dir='ltr'>thalamis</span> <span class='ocrx_word' id='word_1_26' title='bbox 831 769 985 831; x_wconf 78' lang='lat' dir='ltr'>intactum</span> <span class='ocrx_word' id='word_1_27' title='bbox 1009 766 1110 830; x_wconf 74' lang='lat' dir='ltr'>dicere</span> <span class='ocrx_word' id='word_1_28' title='bbox 1133 787 1269 830; x_wconf 78' lang='lat' dir='ltr'>carmen.</span> 
     </span>
     <span class='ocr_line' id='line_1_6' title="bbox 221 876 1396 953; baseline 0.003 -19"><span class='ocrx_word' id='word_1_29' title='bbox 221 876 293 934; x_wconf 91' lang='lat' dir='ltr'>Eius</span> <span class='ocrx_word' id='word_1_30' title='bbox 318 877 398 937; x_wconf 92' lang='lat' dir='ltr'>enim</span> <span class='ocrx_word' id='word_1_31' title='bbox 422 877 567 953; x_wconf 90' lang='lat' dir='ltr'>opinione</span> <span class='ocrx_word' id='word_1_32' title='bbox 590 878 636 936; x_wconf 91' lang='lat' dir='ltr'>his</span> <span class='ocrx_word' id='word_1_33' title='bbox 661 880 758 937; x_wconf 90' lang='lat' dir='ltr'>verbis</span> <span class='ocrx_word' id='word_1_34' title='bbox 783 888 875 937; x_wconf 87' lang='lat' dir='ltr'>status</span> <span class='ocrx_word' id='word_1_35' title='bbox 902 878 951 936; x_wconf 91' lang='lat' dir='ltr'>ille</span> <span class='ocrx_word' id='word_1_36' title='bbox 975 878 1024 936; x_wconf 92' lang='lat' dir='ltr'>dei</span> <span class='ocrx_word' id='word_1_37' title='bbox 1056 896 1146 952; x_wconf 91' lang='lat' dir='ltr'>quem</span> <span class='ocrx_word' id='word_1_38' title='bbox 1170 877 1307 937; x_wconf 91' lang='lat' dir='ltr'>videmus</span> <span class='ocrx_word' id='word_1_39' title='bbox 1332 889 1396 937; x_wconf 87' lang='lat' dir='ltr'>tarn</span> 
     </span>
     <span class='ocr_line' id='line_1_7' title="bbox 220 985 1395 1061; baseline 0.001 -19"><span class='ocrx_word' id='word_1_40' title='bbox 220 993 360 1043; x_wconf 90' lang='lat' dir='ltr'>accurate</span> <span class='ocrx_word' id='word_1_41' title='bbox 384 996 428 1043; x_wconf 92' lang='lat' dir='ltr'>est</span> <span class='ocrx_word' id='word_1_42' title='bbox 451 985 628 1060; x_wconf 89' lang='lat' dir='ltr'>descriptus,</span> <span class='ocrx_word' id='word_1_43' title='bbox 654 996 769 1044; x_wconf 89' lang='lat' dir='ltr'>utnon</span> <span class='ocrx_word' id='word_1_44' title='bbox 795 986 921 1054; x_wconf 91' lang='lat' dir='ltr'>dubitet,</span> <span class='ocrx_word' id='word_1_45' title='bbox 956 985 1029 1061; x_wconf 92' lang='lat' dir='ltr'>quin</span> <span class='ocrx_word' id='word_1_46' title='bbox 1053 985 1163 1043; x_wconf 83' lang='lat' dir='ltr'>Statius</span> <span class='ocrx_word' id='word_1_47' title='bbox 1190 1003 1293 1043; x_wconf 90' lang='lat' dir='ltr'>versus</span> <span class='ocrx_word' id='word_1_48' title='bbox 1326 986 1395 1043; x_wconf 92' lang='lat' dir='ltr'>illos</span> 
     </span>
     <span class='ocr_line' id='line_1_8' title="bbox 219 1091 1395 1168; baseline 0.002 -18"><span class='ocrx_word' id='word_1_49' title='bbox 219 1110 256 1150; x_wconf 90' lang='lat' dir='ltr'>ex</span> <span class='ocrx_word' id='word_1_50' title='bbox 289 1091 341 1149; x_wconf 91' lang='lat' dir='ltr'>tali</span> <span class='ocrx_word' id='word_1_51' title='bbox 377 1093 549 1167; x_wconf 87' lang='lat' dir='ltr'>anaglypho</span> <span class='ocrx_word' id='word_1_52' title='bbox 580 1093 791 1168; x_wconf 87' lang='lat' dir='ltr'>composuerit.</span> <span class='ocrx_word' id='word_1_53' title='bbox 839 1093 936 1151; x_wconf 92' lang='lat' dir='ltr'>Nobis</span> <span class='ocrx_word' id='word_1_54' title='bbox 968 1111 1054 1162; x_wconf 82' lang='lat' dir='ltr'>veru,</span> <span class='ocrx_word' id='word_1_55' title='bbox 1090 1092 1144 1151; x_wconf 91' lang='lat' dir='ltr'>etsi</span> <span class='ocrx_word' id='word_1_56' title='bbox 1180 1092 1395 1152; x_wconf 89' lang='lat' dir='ltr'>similitudines</span> 
     </span>
     <span class='ocr_line' id='line_1_9' title="bbox 219 1198 1397 1282; baseline 0.003 -26"><span class='ocrx_word' id='word_1_57' title='bbox 219 1198 378 1274; x_wconf 89' lang='lat' dir='ltr'>quasdam·</span> <span class='ocrx_word' id='word_1_58' title='bbox 400 1199 477 1257; x_wconf 90' lang='lat' dir='ltr'>inter</span> <span class='ocrx_word' id='word_1_59' title='bbox 505 1201 708 1282; x_wconf 88' lang='lat' dir='ltr'>anaglyphum</span> <span class='ocrx_word' id='word_1_60' title='bbox 740 1210 769 1259; x_wconf 89' lang='lat' dir='ltr'>et</span> <span class='ocrx_word' id='word_1_61' title='bbox 802 1200 887 1259; x_wconf 89' lang='lat' dir='ltr'>Statii</span> <span class='ocrx_word' id='word_1_62' title='bbox 915 1199 1142 1275; x_wconf 85' lang='lat' dir='ltr'>epithalamium</span> <span class='ocrx_word' id='word_1_63' title='bbox 1173 1217 1239 1258; x_wconf 87' lang='lat' dir='ltr'>esse</span> <span class='ocrx_word' id='word_1_64' title='bbox 1268 1199 1397 1260; x_wconf 88' lang='lat' dir='ltr'>minime</span> 
     </span>
     <span class='ocr_line' id='line_1_10' title="bbox 223 1302 1398 1383; baseline 0.003 -20"><span class='ocrx_word' id='word_1_65' title='bbox 223 1302 407 1383; x_wconf 88' lang='lat' dir='ltr'>negamus,¹)</span> <span class='ocrx_word' id='word_1_66' title='bbox 430 1312 531 1365; x_wconf 67' lang='lat' dir='ltr'>uersus</span> <span class='ocrx_word' id='word_1_67' title='bbox 555 1307 668 1366; x_wconf 81' lang='lat' dir='ltr'>laudati</span> <span class='ocrx_word' id='word_1_68' title='bbox 693 1308 732 1366; x_wconf 86' lang='lat' dir='ltr'>ad</span> <span class='ocrx_word' id='word_1_69' title='bbox 755 1317 863 1365; x_wconf 89' lang='lat' dir='ltr'>statum</span> <span class='ocrx_word' id='word_1_70' title='bbox 887 1307 973 1365; x_wconf 90' lang='lat' dir='ltr'>huius</span> <span class='ocrx_word' id='word_1_71' title='bbox 990 1307 1160 1381; x_wconf 88' lang='lat' dir='ltr'>Hymenaei</span> <span class='ocrx_word' id='word_1_72' title='bbox 1183 1306 1398 1366; x_wconf 90' lang='lat' dir='ltr'>illustrandum</span> 
     </span>
     <span class='ocr_line' id='line_1_11' title="bbox 217 1413 1398 1490; baseline 0.004 -20"><span class='ocrx_word' id='word_1_73' title='bbox 217 1430 279 1470; x_wconf 91' lang='lat' dir='ltr'>non</span> <span class='ocrx_word' id='word_1_74' title='bbox 320 1413 362 1471; x_wconf 90' lang='lat' dir='ltr'>ita</span> <span class='ocrx_word' id='word_1_75' title='bbox 388 1413 467 1472; x_wconf 91' lang='lat' dir='ltr'>bene</span> <span class='ocrx_word' id='word_1_76' title='bbox 507 1415 655 1490; x_wconf 78' lang='lat' dir='ltr'>quadrare</span> <span class='ocrx_word' id='word_1_77' title='bbox 689 1415 836 1475; x_wconf 89' lang='lat' dir='ltr'>videntur.</span> <span class='ocrx_word' id='word_1_78' title='bbox 892 1415 996 1473; x_wconf 86' lang='lat' dir='ltr'>Habet</span> <span class='ocrx_word' id='word_1_79' title='bbox 1028 1414 1109 1473; x_wconf 87' lang='lat' dir='ltr'>enirn</span> <span class='ocrx_word' id='word_1_80' title='bbox 1139 1414 1212 1473; x_wconf 88' lang='lat' dir='ltr'>deus</span> <span class='ocrx_word' id='word_1_81' title='bbox 1243 1434 1308 1474; x_wconf 93' lang='lat' dir='ltr'>non</span> <span class='ocrx_word' id='word_1_82' title='bbox 1348 1435 1398 1475; x_wconf 92' lang='lat' dir='ltr'>ex-</span> 
     </span>
     <span class='ocr_line' id='line_1_12' title="bbox 219 1520 1398 1597; baseline 0.006 -21"><span class='ocrx_word' id='word_1_83' title='bbox 219 1520 382 1595; x_wconf 87' lang='lat' dir='ltr'>spectantis</span> <span class='ocrx_word' id='word_1_84' title='bbox 406 1521 551 1590; x_wconf 92' lang='lat' dir='ltr'>habitum,</span> <span class='ocrx_word' id='word_1_85' title='bbox 577 1522 630 1580; x_wconf 91' lang='lat' dir='ltr'>sed</span> <span class='ocrx_word' id='word_1_86' title='bbox 655 1531 699 1580; x_wconf 89' lang='lat' dir='ltr'>est</span> <span class='ocrx_word' id='word_1_87' title='bbox 722 1522 821 1597; x_wconf 91' lang='lat' dir='ltr'>potius</span> <span class='ocrx_word' id='word_1_88' title='bbox 845 1540 975 1597; x_wconf 89' lang='lat' dir='ltr'>persona</span> <span class='ocrx_word' id='word_1_89' title='bbox 1002 1539 1084 1580; x_wconf 89' lang='lat' dir='ltr'>mere</span> <span class='ocrx_word' id='word_1_90' title='bbox 1114 1522 1302 1597; x_wconf 88' lang='lat' dir='ltr'>symbolica,</span> <span class='ocrx_word' id='word_1_91' title='bbox 1331 1543 1398 1583; x_wconf 92' lang='lat' dir='ltr'>non</span> 
     </span>
     <span class='ocr_line' id='line_1_13' title="bbox 217 1626 1399 1706; baseline 0.005 -22"><span class='ocrx_word' id='word_1_92' title='bbox 217 1626 368 1703; x_wconf 89' lang='lat' dir='ltr'>particeps</span> <span class='ocrx_word' id='word_1_93' title='bbox 393 1627 529 1697; x_wconf 88' lang='lat' dir='ltr'>actionis,</span> <span class='ocrx_word' id='word_1_94' title='bbox 555 1629 637 1704; x_wconf 92' lang='lat' dir='ltr'>quod</span> <span class='ocrx_word' id='word_1_95' title='bbox 661 1639 753 1687; x_wconf 84' lang='lat' dir='ltr'>status</span> <span class='ocrx_word' id='word_1_96' title='bbox 784 1629 926 1687; x_wconf 86' lang='lat' dir='ltr'>adversus</span> <span class='ocrx_word' id='word_1_97' title='bbox 956 1629 1020 1705; x_wconf 91' lang='lat' dir='ltr'>ipse</span> <span class='ocrx_word' id='word_1_98' title='bbox 1053 1630 1198 1706; x_wconf 75' lang='lat' dir='ltr'>ostendit3</span> <span class='ocrx_word' id='word_1_99' title='bbox 1232 1630 1264 1687; x_wconf 92' lang='lat' dir='ltr'>in</span> <span class='ocrx_word' id='word_1_100' title='bbox 1295 1631 1399 1690; x_wconf 91' lang='lat' dir='ltr'>verbis</span> 
     </span>
     <span class='ocr_line' id='line_1_14' title="bbox 218 1732 1397 1814; baseline 0.004 -22"><span class='ocrx_word' id='word_1_101' title='bbox 218 1745 317 1792; x_wconf 88' lang='lat' dir='ltr'>autem</span> <span class='ocrx_word' id='word_1_102' title='bbox 342 1735 427 1793; x_wconf 90' lang='lat' dir='ltr'>Statii</span> <span class='ocrx_word' id='word_1_103' title='bbox 452 1733 598 1814; x_wconf 66' lang='lat' dir='ltr'>‚patuerit</span> <span class='ocrx_word' id='word_1_104' title='bbox 618 1732 768 1814; x_wconf 78' lang='lat' dir='ltr'>Hpntett“</span> <span class='ocrx_word' id='word_1_105' title='bbox 792 1737 927 1812; x_wconf 83' lang='lat' dir='ltr'>profecto</span> <span class='ocrx_word' id='word_1_106' title='bbox 952 1737 1148 1813; x_wconf 85' lang='lat' dir='ltr'>cogitandum</span> <span class='ocrx_word' id='word_1_107' title='bbox 1178 1748 1223 1796; x_wconf 88' lang='lat' dir='ltr'>est</span> <span class='ocrx_word' id='word_1_108' title='bbox 1256 1737 1297 1795; x_wconf 90' lang='lat' dir='ltr'>de</span> <span class='ocrx_word' id='word_1_109' title='bbox 1329 1757 1397 1814; x_wconf 87' lang='lat' dir='ltr'>per·</span> 
     </span>
     <span class='ocr_line' id='line_1_15' title="bbox 217 1842 758 1902; baseline 0.006 -4"><span class='ocrx_word' id='word_1_110' title='bbox 217 1859 293 1899; x_wconf 90' lang='lat' dir='ltr'>sona</span> <span class='ocrx_word' id='word_1_111' title='bbox 315 1842 422 1902; x_wconf 92' lang='lat' dir='ltr'>mediis</span> <span class='ocrx_word' id='word_1_112' title='bbox 447 1843 476 1900; x_wconf 93' lang='lat' dir='ltr'>in</span> <span class='ocrx_word' id='word_1_113' title='bbox 501 1843 589 1902; x_wconf 92' lang='lat' dir='ltr'>rebus</span> <span class='ocrx_word' id='word_1_114' title='bbox 613 1853 758 1902; x_wconf 89' lang='lat' dir='ltr'>versante.</span> 
     </span>
    </p>
   </div>
   <div class='ocr_carea' id='block_1_3' title="bbox 219 1950 1397 2349">
    <p class='ocr_par' dir='ltr' id='par_1_4' title="bbox 219 1950 1397 2349">
     <span class='ocr_line' id='line_1_16' title="bbox 324 1950 1397 2029; baseline 0.003 -22"><span class='ocrx_word' id='word_1_115' title='bbox 324 1950 430 2026; x_wconf 88' lang='lat' dir='ltr'>Longe</span> <span class='ocrx_word' id='word_1_116' title='bbox 454 1951 514 2008; x_wconf 89' lang='lat' dir='ltr'>alia</span> <span class='ocrx_word' id='word_1_117' title='bbox 537 1951 567 2008; x_wconf 94' lang='lat' dir='ltr'>in</span> <span class='ocrx_word' id='word_1_118' title='bbox 592 1951 766 2010; x_wconf 89' lang='lat' dir='ltr'>conditione</span> <span class='ocrx_word' id='word_1_119' title='bbox 791 1950 918 2010; x_wconf 90' lang='lat' dir='ltr'>cernitur</span> <span class='ocrx_word' id='word_1_120' title='bbox 936 1951 1009 2010; x_wconf 93' lang='lat' dir='ltr'>deus</span> <span class='ocrx_word' id='word_1_121' title='bbox 1033 1963 1135 2011; x_wconf 91' lang='lat' dir='ltr'>noster</span> <span class='ocrx_word' id='word_1_122' title='bbox 1157 1952 1187 2010; x_wconf 95' lang='lat' dir='ltr'>in</span> <span class='ocrx_word' id='word_1_123' title='bbox 1212 1952 1397 2029; x_wconf 88' lang='lat' dir='ltr'>sarcophagi</span> 
     </span>
     <span class='ocr_line' id='line_1_17' title="bbox 219 2057 1396 2135; baseline 0.005 -22"><span class='ocrx_word' id='word_1_124' title='bbox 219 2057 401 2132; x_wconf 83' lang='lat' dir='ltr'>anaglypho,</span> <span class='ocrx_word' id='word_1_125' title='bbox 416 2058 499 2116; x_wconf 93' lang='lat' dir='ltr'>cuius</span> <span class='ocrx_word' id='word_1_126' title='bbox 512 2058 614 2134; x_wconf 86' lang='lat' dir='ltr'>imago</span> <span class='ocrx_word' id='word_1_127' title='bbox 626 2058 715 2116; x_wconf 93' lang='lat' dir='ltr'>nobis</span> <span class='ocrx_word' id='word_1_128' title='bbox 729 2069 906 2117; x_wconf 90' lang='lat' dir='ltr'>conservata</span> <span class='ocrx_word' id='word_1_129' title='bbox 919 2069 963 2117; x_wconf 91' lang='lat' dir='ltr'>est</span> <span class='ocrx_word' id='word_1_130' title='bbox 975 2059 1005 2117; x_wconf 93' lang='lat' dir='ltr'>in</span> <span class='ocrx_word' id='word_1_131' title='bbox 1019 2058 1126 2117; x_wconf 92' lang='lat' dir='ltr'>codice</span> <span class='ocrx_word' id='word_1_132' title='bbox 1142 2059 1327 2135; x_wconf 88' lang='lat' dir='ltr'>Pighiano</span> <span class='ocrx_word' id='word_1_133' title='bbox 1342 2061 1396 2119; x_wconf 88' lang='lat' dir='ltr'>Be·</span> 
     </span>
     <span class='ocr_line' id='line_1_18' title="bbox 219 2160 1394 2242; baseline 0.004 -22"><span class='ocrx_word' id='word_1_134' title='bbox 219 2163 362 2222; x_wconf 90' lang='lat' dir='ltr'>rolinensi</span> <span class='ocrx_word' id='word_1_135' title='bbox 379 2165 429 2222; x_wconf 87' lang='lat' dir='ltr'>fol.</span> <span class='ocrx_word' id='word_1_136' title='bbox 445 2160 547 2242; x_wconf 66' lang='lat'>317.‘⁴&#39;)</span> <span class='ocrx_word' id='word_1_137' title='bbox 560 2166 660 2224; x_wconf 82' lang='lat' dir='ltr'>Efficti</span> <span class='ocrx_word' id='word_1_138' title='bbox 673 2175 740 2223; x_wconf 91' lang='lat' dir='ltr'>sunt</span> <span class='ocrx_word' id='word_1_139' title='bbox 752 2166 898 2224; x_wconf 90' lang='lat' dir='ltr'>Admetus</span> <span class='ocrx_word' id='word_1_140' title='bbox 916 2176 944 2224; x_wconf 90' lang='lat' dir='ltr'>et</span> <span class='ocrx_word' id='word_1_141' title='bbox 956 2166 1084 2225; x_wconf 89' lang='lat' dir='ltr'>Alcestis</span> <span class='ocrx_word' id='word_1_142' title='bbox 1101 2185 1207 2224; x_wconf 88' lang='lat' dir='ltr'>manus</span> <span class='ocrx_word' id='word_1_143' title='bbox 1224 2166 1394 2242; x_wconf 87' lang='lat' dir='ltr'>iungentes,</span> 
     </span>
     <span class='ocr_line' id='line_1_19' title="bbox 219 2270 1395 2349; baseline 0.004 -22"><span class='ocrx_word' id='word_1_144' title='bbox 219 2270 343 2345; x_wconf 87' lang='lat' dir='ltr'>legitimi</span> <span class='ocrx_word' id='word_1_145' title='bbox 368 2272 486 2347; x_wconf 85' lang='lat' dir='ltr'>signum</span> <span class='ocrx_word' id='word_1_146' title='bbox 509 2272 701 2332; x_wconf 90' lang='lat' dir='ltr'>matrimonii.</span> <span class='ocrx_word' id='word_1_147' title='bbox 749 2275 820 2331; x_wconf 91' lang='lat' dir='ltr'>Hoc</span> <span class='ocrx_word' id='word_1_148' title='bbox 843 2292 913 2332; x_wconf 90' lang='lat' dir='ltr'>vero</span> <span class='ocrx_word' id='word_1_149' title='bbox 937 2273 1110 2349; x_wconf 83' lang='lat' dir='ltr'>coniugium</span> <span class='ocrx_word' id='word_1_150' title='bbox 1134 2273 1297 2332; x_wconf 87' lang='lat' dir='ltr'>infaustum</span> <span class='ocrx_word' id='word_1_151' title='bbox 1330 2275 1395 2333; x_wconf 87' lang='lat' dir='ltr'>fore</span> 
     </span>
    </p>
   </div>
   <div class='ocr_carea' id='block_1_4' title="bbox 217 2371 1392 2457">
    <p class='ocr_par' dir='ltr' id='par_1_5' title="bbox 217 2371 1392 2457">
     <span class='ocr_line' id='line_1_20' title="bbox 217 2371 1392 2457; baseline 0.003 -22"><span class='ocrx_word' id='word_1_152' title='bbox 217 2377 322 2436; x_wconf 82' lang='lat' dir='ltr'>artifex</span> <span class='ocrx_word' id='word_1_153' title='bbox 363 2379 476 2455; x_wconf 91' lang='lat' dir='ltr'>duplici</span> <span class='ocrx_word' id='word_1_154' title='bbox 515 2381 607 2440; x_wconf 92' lang='lat' dir='ltr'>modo</span> <span class='ocrx_word' id='word_1_155' title='bbox 652 2380 812 2451; x_wconf 91' lang='lat' dir='ltr'>indicavit,</span> <span class='ocrx_word' id='word_1_156' title='bbox 841 2371 883 2438; x_wconf 41' lang='lat' dir='ltr'>*ut</span> <span class='ocrx_word' id='word_1_157' title='bbox 929 2391 1009 2439; x_wconf 90' lang='lat' dir='ltr'>recte</span> <span class='ocrx_word' id='word_1_158' title='bbox 1052 2380 1203 2457; x_wconf 87' lang='lat' dir='ltr'>perspexit</span> <span class='ocrx_word' id='word_1_159' title='bbox 1239 2383 1392 2440; x_wconf 89' lang='lat' dir='ltr'>Petersen.</span> 
     </span>
    </p>
   </div>
   <div class='ocr_carea' id='block_1_5' title="bbox 215 2485 1394 3423">
    <p class='ocr_par' dir='ltr' id='par_1_6' title="bbox 215 2485 1394 2992">
     <span class='ocr_line' id='line_1_21' title="bbox 215 2485 1394 2565; baseline 0.003 -23"><span class='ocrx_word' id='word_1_160' title='bbox 215 2485 362 2544; x_wconf 88' lang='lat' dir='ltr'>Admetus</span> <span class='ocrx_word' id='word_1_161' title='bbox 387 2487 468 2545; x_wconf 91' lang='lat' dir='ltr'>enim</span> <span class='ocrx_word' id='word_1_162' title='bbox 491 2506 622 2563; x_wconf 90' lang='lat' dir='ltr'>sponsae</span> <span class='ocrx_word' id='word_1_163' title='bbox 645 2506 707 2545; x_wconf 93' lang='lat' dir='ltr'>non</span> <span class='ocrx_word' id='word_1_164' title='bbox 731 2487 865 2546; x_wconf 87' lang='lat' dir='ltr'>dextram</span> <span class='ocrx_word' id='word_1_165' title='bbox 890 2506 1022 2558; x_wconf 85' lang='lat' dir='ltr'>manum,</span> <span class='ocrx_word' id='word_1_166' title='bbox 1048 2488 1102 2547; x_wconf 90' lang='lat' dir='ltr'>sed</span> <span class='ocrx_word' id='word_1_167' title='bbox 1125 2487 1276 2547; x_wconf 88' lang='lat' dir='ltr'>sinistram</span> <span class='ocrx_word' id='word_1_168' title='bbox 1301 2489 1394 2565; x_wconf 92' lang='lat' dir='ltr'>porri·</span> 
     </span>
     <span class='ocr_line' id='line_1_22' title="bbox 216 2592 1394 2672; baseline 0.005 -23"><span class='ocrx_word' id='word_1_169' title='bbox 216 2592 277 2668; x_wconf 89' lang='lat' dir='ltr'>git,</span> <span class='ocrx_word' id='word_1_170' title='bbox 303 2594 500 2667; x_wconf 87' lang='lat' dir='ltr'>Hymenaeus</span> <span class='ocrx_word' id='word_1_171' title='bbox 528 2605 627 2653; x_wconf 91' lang='lat' dir='ltr'>autem</span> <span class='ocrx_word' id='word_1_172' title='bbox 657 2596 829 2671; x_wconf 89' lang='lat' dir='ltr'>nuptiarum</span> <span class='ocrx_word' id='word_1_173' title='bbox 860 2595 958 2665; x_wconf 79' lang='lat' dir='ltr'>testiS,</span> <span class='ocrx_word' id='word_1_174' title='bbox 985 2596 1163 2655; x_wconf 89' lang='lat' dir='ltr'>adulescens</span> <span class='ocrx_word' id='word_1_175' title='bbox 1187 2606 1272 2655; x_wconf 90' lang='lat' dir='ltr'>veste</span> <span class='ocrx_word' id='word_1_176' title='bbox 1297 2615 1394 2672; x_wconf 90' lang='lat' dir='ltr'>usque</span> 
     </span>
     <span class='ocr_line' id='line_1_23' title="bbox 216 2700 1393 2776; baseline 0.003 -18"><span class='ocrx_word' id='word_1_177' title='bbox 216 2700 255 2759; x_wconf 89' lang='lat' dir='ltr'>ad</span> <span class='ocrx_word' id='word_1_178' title='bbox 278 2719 378 2776; x_wconf 85' lang='lat' dir='ltr'>genua</span> <span class='ocrx_word' id='word_1_179' title='bbox 401 2701 605 2761; x_wconf 88' lang='lat' dir='ltr'>descendente</span> <span class='ocrx_word' id='word_1_180' title='bbox 629 2702 758 2772; x_wconf 92' lang='lat' dir='ltr'>indutus,</span> <span class='ocrx_word' id='word_1_181' title='bbox 784 2702 881 2760; x_wconf 83' lang='lat' dir='ltr'>lacem</span> <span class='ocrx_word' id='word_1_182' title='bbox 905 2702 936 2760; x_wconf 93' lang='lat' dir='ltr'>in</span> <span class='ocrx_word' id='word_1_183' title='bbox 959 2712 1068 2760; x_wconf 90' lang='lat' dir='ltr'>terram</span> <span class='ocrx_word' id='word_1_184' title='bbox 1092 2702 1252 2761; x_wconf 89' lang='lat' dir='ltr'>demittens</span> <span class='ocrx_word' id='word_1_185' title='bbox 1277 2714 1306 2762; x_wconf 91' lang='lat' dir='ltr'>et</span> <span class='ocrx_word' id='word_1_186' title='bbox 1332 2703 1393 2763; x_wconf 88' lang='lat' dir='ltr'>abi·</span> 
     </span>
     <span class='ocr_line' id='line_1_24' title="bbox 215 2807 1393 2885; baseline 0.003 -21"><span class='ocrx_word' id='word_1_187' title='bbox 215 2816 281 2864; x_wconf 90' lang='lat' dir='ltr'>turo</span> <span class='ocrx_word' id='word_1_188' title='bbox 306 2807 410 2866; x_wconf 91' lang='lat' dir='ltr'>similis</span> <span class='ocrx_word' id='word_1_189' title='bbox 435 2810 550 2868; x_wconf 87' lang='lat' dir='ltr'>effictus</span> <span class='ocrx_word' id='word_1_190' title='bbox 575 2820 628 2868; x_wconf 90' lang='lat' dir='ltr'>est.</span> <span class='ocrx_word' id='word_1_191' title='bbox 676 2809 738 2868; x_wconf 93' lang='lat' dir='ltr'>Hic</span> <span class='ocrx_word' id='word_1_192' title='bbox 762 2809 938 2868; x_wconf 89' lang='lat' dir='ltr'>adulescens</span> <span class='ocrx_word' id='word_1_193' title='bbox 963 2810 1035 2884; x_wconf 90' lang='lat' dir='ltr'>quin</span> <span class='ocrx_word' id='word_1_194' title='bbox 1059 2809 1104 2877; x_wconf 84' lang='lat' dir='ltr'>sit¹</span> <span class='ocrx_word' id='word_1_195' title='bbox 1119 2810 1316 2885; x_wconf 91' lang='lat' dir='ltr'>Hymenaeus</span> <span class='ocrx_word' id='word_1_196' title='bbox 1341 2811 1393 2870; x_wconf 91' lang='lat' dir='ltr'>du·</span> 
     </span>
     <span class='ocr_line' id='line_1_25' title="bbox 215 2913 604 2992; baseline 0.013 -21"><span class='ocrx_word' id='word_1_197' title='bbox 215 2913 298 2973; x_wconf 89' lang='lat' dir='ltr'>bium</span> <span class='ocrx_word' id='word_1_198' title='bbox 323 2934 388 2974; x_wconf 89' lang='lat' dir='ltr'>esse</span> <span class='ocrx_word' id='word_1_199' title='bbox 412 2935 473 2974; x_wconf 90' lang='lat' dir='ltr'>uon</span> <span class='ocrx_word' id='word_1_200' title='bbox 497 2928 604 2992; x_wconf 89' lang='lat' dir='ltr'>potest.</span> 
     </span>
    </p>

    <p class='ocr_par' dir='ltr' id='par_1_7' title="bbox 215 3022 1393 3423">
     <span class='ocr_line' id='line_1_26' title="bbox 322 3022 1393 3100; baseline 0.004 -21"><span class='ocrx_word' id='word_1_201' title='bbox 322 3022 392 3081; x_wconf 93' lang='lat' dir='ltr'>Alia</span> <span class='ocrx_word' id='word_1_202' title='bbox 408 3042 454 3082; x_wconf 92' lang='lat' dir='ltr'>res</span> <span class='ocrx_word' id='word_1_203' title='bbox 478 3024 572 3082; x_wconf 92' lang='lat' dir='ltr'>estin</span> <span class='ocrx_word' id='word_1_204' title='bbox 597 3025 790 3083; x_wconf 86' lang='lat' dir='ltr'>adulescente</span> <span class='ocrx_word' id='word_1_205' title='bbox 806 3024 868 3094; x_wconf 85' lang='lat' dir='ltr'>illo,</span> <span class='ocrx_word' id='word_1_206' title='bbox 887 3042 976 3100; x_wconf 92' lang='lat' dir='ltr'>quem</span> <span class='ocrx_word' id='word_1_207' title='bbox 999 3025 1135 3083; x_wconf 90' lang='lat' dir='ltr'>videmus</span> <span class='ocrx_word' id='word_1_208' title='bbox 1158 3023 1189 3081; x_wconf 91' lang='lat' dir='ltr'>in</span> <span class='ocrx_word' id='word_1_209' title='bbox 1213 3025 1393 3100; x_wconf 88' lang='lat' dir='ltr'>anaglyphis</span> 
     </span>
     <span class='ocr_line' id='line_1_27' title="bbox 216 3130 1392 3202; baseline 0.003 -15"><span class='ocrx_word' id='word_1_210' title='bbox 216 3130 387 3189; x_wconf 90' lang='lat' dir='ltr'>Medeae</span> <span class='ocrx_word' id='word_1_211' title='bbox 417 3131 456 3188; x_wconf 90' lang='lat' dir='ltr'>in</span> <span class='ocrx_word' id='word_1_212' title='bbox 490 3133 680 3190; x_wconf 87' lang='lat' dir='ltr'>Glaucen</span> <span class='ocrx_word' id='word_1_213' title='bbox 715 3134 892 3190; x_wconf 80' lang='lat' dir='ltr'>furorem</span> <span class='ocrx_word' id='word_1_214' title='bbox 925 3131 1153 3202; x_wconf 85' lang='lat' dir='ltr'>exhibentibus,</span> <span class='ocrx_word' id='word_1_215' title='bbox 1182 3150 1252 3189; x_wconf 93' lang='lat' dir='ltr'>cum</span> <span class='ocrx_word' id='word_1_216' title='bbox 1282 3131 1322 3190; x_wconf 91' lang='lat' dir='ltr'>de</span> <span class='ocrx_word' id='word_1_217' title='bbox 1355 3150 1392 3190; x_wconf 91' lang='lat' dir='ltr'>eo</span> 
     </span>
     <span class='ocr_line' id='line_1_28' title="bbox 215 3231 1033 3318; baseline 0.002 -24"><span class='ocrx_word' id='word_1_218' title='bbox 215 3256 326 3313; x_wconf 86' lang='lat' dir='ltr'>magna</span> <span class='ocrx_word' id='word_1_219' title='bbox 350 3248 415 3296; x_wconf 90' lang='lat' dir='ltr'>orta</span> <span class='ocrx_word' id='word_1_220' title='bbox 438 3238 476 3296; x_wconf 91' lang='lat' dir='ltr'>sit</span> <span class='ocrx_word' id='word_1_221' title='bbox 498 3239 628 3297; x_wconf 88' lang='lat' dir='ltr'>virorum</span> <span class='ocrx_word' id='word_1_222' title='bbox 652 3239 810 3298; x_wconf 91' lang='lat' dir='ltr'>doctorum</span> <span class='ocrx_word' id='word_1_223' title='bbox 834 3238 992 3297; x_wconf 89' lang='lat' dir='ltr'>dissensio.</span> <span class='ocrx_word' id='word_1_224' title='bbox 1009 3231 1033 3318; x_wconf 79' lang='lat'>³)</span> 
     </span>
     <span class='ocr_line' id='line_1_29' title="bbox 219 3347 987 3423; baseline 0.005 -21"><span class='ocrx_word' id='word_1_225' title='bbox 219 3410 220 3413; x_wconf 10' lang='lat'>¹</span> <span class='ocrx_word' id='word_1_226' title='bbox 321 3347 511 3421; x_wconf 85' lang='lat' dir='ltr'>Anaglypha,</span> <span class='ocrx_word' id='word_1_227' title='bbox 538 3366 615 3422; x_wconf 90' lang='lat' dir='ltr'>quae</span> <span class='ocrx_word' id='word_1_228' title='bbox 639 3348 697 3404; x_wconf 92' lang='lat' dir='ltr'>huc</span> <span class='ocrx_word' id='word_1_229' title='bbox 721 3347 878 3423; x_wconf 88' lang='lat' dir='ltr'>pertinent,</span> <span class='ocrx_word' id='word_1_230' title='bbox 905 3357 987 3406; x_wconf 92' lang='lat' dir='ltr'>sunt:</span> 
     </span>
    </p>
   </div>
   <div class='ocr_carea' id='block_1_6' title="bbox 217 3451 426 3460">
    <p class='ocr_par' dir='ltr' id='par_1_8' title="bbox 217 3451 426 3460">
     <span class='ocr_line' id='line_1_30' title="bbox 217 3451 426 3460; baseline -0.01 0"><span class='ocrx_word' id='word_1_231' title='bbox 217 3451 426 3460; x_wconf 76' lang='lat'>———.--.—</span> 
     </span>
    </p>
   </div>
   <div class='ocr_carea' id='block_1_7' title="bbox 214 3483 1396 4543">
    <p class='ocr_par' dir='ltr' id='par_1_9' title="bbox 215 3483 1391 3728">
     <span class='ocr_line' id='line_1_31' title="bbox 324 3483 1391 3552; baseline 0.003 -19"><span class='ocrx_word' id='word_1_232' title='bbox 324 3483 343 3550; x_wconf 87' lang='lat'>¹)</span> <span class='ocrx_word' id='word_1_233' title='bbox 364 3485 405 3534; x_wconf 83' lang='lat' dir='ltr'>Cf.</span> <span class='ocrx_word' id='word_1_234' title='bbox 426 3486 537 3552; x_wconf 79' lang='lat' dir='ltr'>Herzog,</span> <span class='ocrx_word' id='word_1_235' title='bbox 560 3487 622 3536; x_wconf 88' lang='lat' dir='ltr'>Stat.</span> <span class='ocrx_word' id='word_1_236' title='bbox 644 3486 722 3550; x_wconf 83' lang='lat' dir='ltr'>epith.</span> <span class='ocrx_word' id='word_1_237' title='bbox 744 3503 769 3550; x_wconf 93' lang='lat' dir='ltr'>p.</span> <span class='ocrx_word' id='word_1_238' title='bbox 792 3486 837 3544; x_wconf 68' lang='grc' dir='ltr'>κός</span> <span class='ocrx_word' id='word_1_239' title='bbox 860 3485 979 3552; x_wconf 74' lang='lat' dir='ltr'>Purgold,</span> <span class='ocrx_word' id='word_1_240' title='bbox 1001 3485 1068 3535; x_wconf 91' lang='lat' dir='ltr'>arch.</span> <span class='ocrx_word' id='word_1_241' title='bbox 1099 3486 1170 3535; x_wconf 86' lang='lat' dir='ltr'>Bern.</span> <span class='ocrx_word' id='word_1_242' title='bbox 1192 3503 1214 3533; x_wconf 94' lang='lat' dir='ltr'>z.</span> <span class='ocrx_word' id='word_1_243' title='bbox 1242 3485 1334 3534; x_wconf 90' lang='lat' dir='ltr'>Claud.</span> <span class='ocrx_word' id='word_1_244' title='bbox 1364 3502 1391 3536; x_wconf 91' lang='lat' dir='ltr'>u.</span> 
     </span>
     <span class='ocr_line' id='line_1_32' title="bbox 215 3574 1390 3639; baseline 0.003 -17"><span class='ocrx_word' id='word_1_245' title='bbox 215 3574 305 3623; x_wconf 91' lang='lat' dir='ltr'>Sidon.</span> <span class='ocrx_word' id='word_1_246' title='bbox 327 3574 415 3637; x_wconf 84' lang='lat' dir='ltr'>Apoll.</span> <span class='ocrx_word' id='word_1_247' title='bbox 447 3591 472 3639; x_wconf 88' lang='lat' dir='ltr'>p.</span> <span class='ocrx_word' id='word_1_248' title='bbox 505 3576 551 3636; x_wconf 87' lang='lat'>78;</span> <span class='ocrx_word' id='word_1_249' title='bbox 581 3576 681 3638; x_wconf 84' lang='lat' dir='ltr'>Brunn,</span> <span class='ocrx_word' id='word_1_250' title='bbox 710 3577 779 3624; x_wconf 92' lang='lat' dir='ltr'>Ann.</span> <span class='ocrx_word' id='word_1_251' title='bbox 810 3575 836 3623; x_wconf 91' lang='lat' dir='ltr'>d.</span> <span class='ocrx_word' id='word_1_252' title='bbox 867 3576 887 3624; x_wconf 88' lang='lat'>1.</span> <span class='ocrx_word' id='word_1_253' title='bbox 913 3575 979 3634; x_wconf 85' lang='lat'>1844</span> <span class='ocrx_word' id='word_1_254' title='bbox 998 3591 1024 3638; x_wconf 92' lang='lat' dir='ltr'>p.</span> <span class='ocrx_word' id='word_1_255' title='bbox 1049 3587 1112 3638; x_wconf 85' lang='lat'>194;</span> <span class='ocrx_word' id='word_1_256' title='bbox 1140 3574 1213 3632; x_wconf 84' lang='lat' dir='ltr'>lahu,</span> <span class='ocrx_word' id='word_1_257' title='bbox 1235 3574 1293 3623; x_wconf 91' lang='lat' dir='ltr'>Ber.</span> <span class='ocrx_word' id='word_1_258' title='bbox 1314 3575 1342 3624; x_wconf 91' lang='lat' dir='ltr'>d.</span> <span class='ocrx_word' id='word_1_259' title='bbox 1363 3575 1390 3626; x_wconf 85' lang='lat' dir='ltr'>k.</span> 
     </span>
     <span class='ocr_line' id='line_1_33' title="bbox 217 3663 920 3728; baseline -0.001 -16"><span class='ocrx_word' id='word_1_260' title='bbox 217 3664 299 3712; x_wconf 77' lang='lat' dir='ltr'>stichs.</span> <span class='ocrx_word' id='word_1_261' title='bbox 322 3663 383 3713; x_wconf 91' lang='lat' dir='ltr'>Ges.</span> <span class='ocrx_word' id='word_1_262' title='bbox 405 3665 432 3713; x_wconf 90' lang='lat' dir='ltr'>d.</span> <span class='ocrx_word' id='word_1_263' title='bbox 456 3666 497 3714; x_wconf 90' lang='lat' dir='ltr'>W.</span> <span class='ocrx_word' id='word_1_264' title='bbox 519 3665 638 3728; x_wconf 90' lang='lat' dir='ltr'>ph.·hist.</span> <span class='ocrx_word' id='word_1_265' title='bbox 660 3664 700 3714; x_wconf 92' lang='lat' dir='ltr'>Cl.</span> <span class='ocrx_word' id='word_1_266' title='bbox 725 3665 792 3728; x_wconf 82' lang='lat'>1854</span> <span class='ocrx_word' id='word_1_267' title='bbox 810 3681 837 3728; x_wconf 93' lang='lat' dir='ltr'>p.</span> <span class='ocrx_word' id='word_1_268' title='bbox 863 3675 920 3725; x_wconf 85' lang='lat'>171.</span> 
     </span>
    </p>

    <p class='ocr_par' dir='ltr' id='par_1_10' title="bbox 325 3749 1392 3822">
     <span class='ocr_line' id='line_1_34' title="bbox 325 3749 1392 3822; baseline 0.004 -22"><span class='ocrx_word' id='word_1_269' title='bbox 325 3749 345 3820; x_wconf 73' lang='lat'>²)</span> <span class='ocrx_word' id='word_1_270' title='bbox 359 3753 419 3802; x_wconf 91' lang='lat' dir='ltr'>Vid.</span> <span class='ocrx_word' id='word_1_271' title='bbox 433 3755 463 3802; x_wconf 87' lang='lat' dir='ltr'>E.</span> <span class='ocrx_word' id='word_1_272' title='bbox 477 3755 603 3822; x_wconf 77' lang='lat' dir='ltr'>Petersen,</span> <span class='ocrx_word' id='word_1_273' title='bbox 618 3754 687 3803; x_wconf 88' lang='lat' dir='ltr'>arch.</span> <span class='ocrx_word' id='word_1_274' title='bbox 709 3754 766 3818; x_wconf 83' lang='lat' dir='ltr'>Ztg.</span> <span class='ocrx_word' id='word_1_275' title='bbox 787 3754 846 3802; x_wconf 88' lang='lat' dir='ltr'>XXl</span> <span class='ocrx_word' id='word_1_276' title='bbox 863 3752 955 3821; x_wconf 85' lang='grc'>(1863)</span> <span class='ocrx_word' id='word_1_277' title='bbox 968 3769 994 3817; x_wconf 93' lang='lat' dir='ltr'>p.</span> <span class='ocrx_word' id='word_1_278' title='bbox 1011 3753 1058 3802; x_wconf 91' lang='lat'>116</span> <span class='ocrx_word' id='word_1_279' title='bbox 1072 3769 1122 3821; x_wconf 77' lang='lat' dir='ltr'>sq.,</span> <span class='ocrx_word' id='word_1_280' title='bbox 1135 3753 1163 3802; x_wconf 85' lang='lat' dir='ltr'>ts.</span> <span class='ocrx_word' id='word_1_281' title='bbox 1178 3752 1308 3803; x_wconf 79' lang='lat' dir='ltr'><strong>CLXXIX</strong></span> <span class='ocrx_word' id='word_1_282' title='bbox 1326 3771 1353 3803; x_wconf 89' lang='lat' dir='ltr'>n.</span> <span class='ocrx_word' id='word_1_283' title='bbox 1366 3767 1392 3804; x_wconf 87' lang='lat'>2.</span> 
     </span>
    </p>

    <p class='ocr_par' dir='ltr' id='par_1_11' title="bbox 214 3840 1396 4543">
     <span class='ocr_line' id='line_1_35' title="bbox 324 3840 1391 3910; baseline 0.002 -19"><span class='ocrx_word' id='word_1_284' title='bbox 324 3840 346 3909; x_wconf 69' lang='grc'>3)</span> <span class='ocrx_word' id='word_1_285' title='bbox 366 3843 407 3892; x_wconf 84' lang='lat' dir='ltr'>Cf.</span> <span class='ocrx_word' id='word_1_286' title='bbox 428 3844 532 3903; x_wconf 89' lang='lat' dir='ltr'>Bartoli,</span> <span class='ocrx_word' id='word_1_287' title='bbox 555 3845 624 3893; x_wconf 88' lang='lat' dir='ltr'>adm.</span> <span class='ocrx_word' id='word_1_288' title='bbox 646 3846 682 3893; x_wconf 92' lang='lat' dir='ltr'>tb.</span> <span class='ocrx_word' id='word_1_289' title='bbox 706 3854 748 3908; x_wconf 89' lang='grc'>55.</span> <span class='ocrx_word' id='word_1_290' title='bbox 788 3843 987 3908; x_wconf 85' lang='lat' dir='ltr'>Zoega,bassir.</span> <span class='ocrx_word' id='word_1_291' title='bbox 1008 3843 1060 3906; x_wconf 88' lang='lat' dir='ltr'>lp.</span> <span class='ocrx_word' id='word_1_292' title='bbox 1082 3853 1144 3907; x_wconf 83' lang='lat'>257.</span> <span class='ocrx_word' id='word_1_293' title='bbox 1183 3842 1276 3910; x_wconf 81' lang='lat' dir='ltr'>Mihin,</span> <span class='ocrx_word' id='word_1_294' title='bbox 1298 3843 1334 3892; x_wconf 89' lang='lat' dir='ltr'>G.</span> <span class='ocrx_word' id='word_1_295' title='bbox 1354 3844 1391 3893; x_wconf 88' lang='lat' dir='ltr'>M.</span> 
     </span>
     <span class='ocr_line' id='line_1_36' title="bbox 219 3931 1395 4000; baseline 0 -18"><span class='ocrx_word' id='word_1_296' title='bbox 219 3933 269 3982; x_wconf 91' lang='lat'>108</span> <span class='ocrx_word' id='word_1_297' title='bbox 289 3931 379 4000; x_wconf 82' lang='lat'>(426);</span> <span class='ocrx_word' id='word_1_298' title='bbox 403 3933 527 3999; x_wconf 71' lang='lat' dir='ltr'>Gerhard,</span> <span class='ocrx_word' id='word_1_299' title='bbox 548 3943 600 3982; x_wconf 89' lang='lat' dir='ltr'>ant.</span> <span class='ocrx_word' id='word_1_300' title='bbox 621 3934 703 3982; x_wconf 89' lang='lat' dir='ltr'>Bldw.</span> <span class='ocrx_word' id='word_1_301' title='bbox 724 3950 751 3997; x_wconf 86' lang='lat' dir='ltr'>p.</span> <span class='ocrx_word' id='word_1_302' title='bbox 773 3944 823 3996; x_wconf 85' lang='lat'>257</span> <span class='ocrx_word' id='word_1_303' title='bbox 843 3940 896 3982; x_wconf 91' lang='lat' dir='ltr'>not.</span> <span class='ocrx_word' id='word_1_304' title='bbox 917 3946 961 3994; x_wconf 87' lang='lat'>49.</span> <span class='ocrx_word' id='word_1_305' title='bbox 1001 3932 1100 4000; x_wconf 78' lang='lat' dir='ltr'>Clarae,</span> <span class='ocrx_word' id='word_1_306' title='bbox 1120 3933 1186 3982; x_wconf 91' lang='lat' dir='ltr'>Mus.</span> <span class='ocrx_word' id='word_1_307' title='bbox 1207 3931 1239 3980; x_wconf 93' lang='lat' dir='ltr'>de</span> <span class='ocrx_word' id='word_1_308' title='bbox 1257 3932 1348 3997; x_wconf 89' lang='lat' dir='ltr'>sculpt.</span> <span class='ocrx_word' id='word_1_309' title='bbox 1375 3933 1395 3982; x_wconf 93' lang='lat' dir='ltr'>ll</span> 
     </span>
     <span class='ocr_line' id='line_1_37' title="bbox 214 4021 1392 4090; baseline 0.003 -20"><span class='ocrx_word' id='word_1_310' title='bbox 214 4039 241 4086; x_wconf 88' lang='lat' dir='ltr'>p.</span> <span class='ocrx_word' id='word_1_311' title='bbox 264 4033 323 4085; x_wconf 82' lang='lat'>541.</span> <span class='ocrx_word' id='word_1_312' title='bbox 366 4023 491 4090; x_wconf 85' lang='lat' dir='ltr'>visconti,</span> <span class='ocrx_word' id='word_1_313' title='bbox 512 4023 577 4071; x_wconf 92' lang='lat' dir='ltr'>Mus.</span> <span class='ocrx_word' id='word_1_314' title='bbox 600 4023 744 4072; x_wconf 90' lang='lat' dir='ltr'>Pio-Clem.</span> <span class='ocrx_word' id='word_1_315' title='bbox 760 4023 793 4071; x_wconf 89' lang='lat' dir='ltr'>·lll</span> <span class='ocrx_word' id='word_1_316' title='bbox 812 4038 839 4086; x_wconf 91' lang='lat' dir='ltr'>p.</span> <span class='ocrx_word' id='word_1_317' title='bbox 862 4032 904 4085; x_wconf 85' lang='lat'>59.</span> <span class='ocrx_word' id='word_1_318' title='bbox 925 4030 979 4070; x_wconf 91' lang='lat' dir='ltr'>not.</span> <span class='ocrx_word' id='word_1_319' title='bbox 999 4035 1027 4079; x_wconf 85' lang='lat' dir='ltr'>e;</span> <span class='ocrx_word' id='word_1_320' title='bbox 1050 4022 1143 4082; x_wconf 83' lang='lat' dir='ltr'>Labus,</span> <span class='ocrx_word' id='word_1_321' title='bbox 1167 4022 1232 4070; x_wconf 88' lang='lat' dir='ltr'>Mus.</span> <span class='ocrx_word' id='word_1_322' title='bbox 1253 4021 1336 4072; x_wconf 80' lang='lat' dir='ltr'>Mant.</span> <span class='ocrx_word' id='word_1_323' title='bbox 1365 4039 1392 4087; x_wconf 88' lang='lat' dir='ltr'>p.</span> 
     </span>
     <span class='ocr_line' id='line_1_38' title="bbox 217 4113 1393 4183; baseline -0.003 -18"><span class='ocrx_word' id='word_1_324' title='bbox 217 4128 269 4178; x_wconf 88' lang='lat' dir='ltr'>3o;</span> <span class='ocrx_word' id='word_1_325' title='bbox 292 4116 448 4183; x_wconf 81' lang='lat' dir='ltr'>Feuerbach‚</span> <span class='ocrx_word' id='word_1_326' title='bbox 469 4116 580 4165; x_wconf 84' lang='lat' dir='ltr'>vatican.</span> <span class='ocrx_word' id='word_1_327' title='bbox 601 4117 696 4180; x_wconf 86' lang='lat' dir='ltr'>Apollo</span> <span class='ocrx_word' id='word_1_328' title='bbox 714 4133 741 4181; x_wconf 90' lang='lat' dir='ltr'>p.</span> <span class='ocrx_word' id='word_1_329' title='bbox 763 4116 827 4179; x_wconf 79' lang='lat'>383,</span> <span class='ocrx_word' id='word_1_330' title='bbox 850 4115 922 4171; x_wconf 88' lang='lat' dir='ltr'>lahn,</span> <span class='ocrx_word' id='word_1_331' title='bbox 946 4114 1054 4178; x_wconf 90' lang='lat' dir='ltr'>Teleph.</span> <span class='ocrx_word' id='word_1_332' title='bbox 1076 4131 1100 4162; x_wconf 92' lang='lat' dir='ltr'>u.</span> <span class='ocrx_word' id='word_1_333' title='bbox 1123 4113 1202 4162; x_wconf 90' lang='lat' dir='ltr'>Troil.</span> <span class='ocrx_word' id='word_1_334' title='bbox 1223 4129 1250 4176; x_wconf 92' lang='lat' dir='ltr'>p.</span> <span class='ocrx_word' id='word_1_335' title='bbox 1275 4125 1306 4174; x_wconf 86' lang='lat'>13</span> <span class='ocrx_word' id='word_1_336' title='bbox 1336 4121 1393 4162; x_wconf 91' lang='lat' dir='ltr'>not.</span> 
     </span>
     <span class='ocr_line' id='line_1_39' title="bbox 216 4202 1393 4269; baseline -0.003 -14"><span class='ocrx_word' id='word_1_337' title='bbox 216 4206 242 4255; x_wconf 91' lang='lat'>6.</span> <span class='ocrx_word' id='word_1_338' title='bbox 264 4233 297 4242; x_wconf 91' lang='lat'>--</span> <span class='ocrx_word' id='word_1_339' title='bbox 318 4204 376 4252; x_wconf 92' lang='lat' dir='ltr'>Tod</span> <span class='ocrx_word' id='word_1_340' title='bbox 395 4205 421 4252; x_wconf 94' lang='lat' dir='ltr'>d.</span> <span class='ocrx_word' id='word_1_341' title='bbox 443 4205 602 4268; x_wconf 88' lang='lat' dir='ltr'>Sophonisbe</span> <span class='ocrx_word' id='word_1_342' title='bbox 629 4222 655 4269; x_wconf 93' lang='lat' dir='ltr'>p.</span> <span class='ocrx_word' id='word_1_343' title='bbox 677 4206 702 4255; x_wconf 91' lang='lat'>8.</span> <span class='ocrx_word' id='word_1_344' title='bbox 722 4233 755 4242; x_wconf 87' lang='lat'>-</span> <span class='ocrx_word' id='word_1_345' title='bbox 774 4206 852 4269; x_wconf 88' lang='lat' dir='ltr'>Jason</span> <span class='ocrx_word' id='word_1_346' title='bbox 871 4222 895 4253; x_wconf 93' lang='lat' dir='ltr'>u.</span> <span class='ocrx_word' id='word_1_347' title='bbox 917 4204 1008 4252; x_wconf 90' lang='lat' dir='ltr'>Medea</span> <span class='ocrx_word' id='word_1_348' title='bbox 1037 4220 1061 4251; x_wconf 82' lang='lat' dir='ltr'>a.</span> <span class='ocrx_word' id='word_1_349' title='bbox 1084 4202 1279 4267; x_wconf 85' lang='lat' dir='ltr'>Sarcophagrel.</span> <span class='ocrx_word' id='word_1_350' title='bbox 1313 4202 1393 4251; x_wconf 89' lang='lat' dir='ltr'>Arch.</span> 
     </span>
     <span class='ocr_line' id='line_1_40' title="bbox 215 4292 1396 4363; baseline -0.002 -20"><span class='ocrx_word' id='word_1_351' title='bbox 215 4296 271 4359; x_wconf 86' lang='lat' dir='ltr'>Ztg.</span> <span class='ocrx_word' id='word_1_352' title='bbox 302 4294 393 4352; x_wconf 85' lang='lat' dir='ltr'>XXIV,</span> <span class='ocrx_word' id='word_1_353' title='bbox 425 4310 451 4358; x_wconf 92' lang='lat' dir='ltr'>p.</span> <span class='ocrx_word' id='word_1_354' title='bbox 484 4307 536 4357; x_wconf 81' lang='lat'>233</span> <span class='ocrx_word' id='word_1_355' title='bbox 565 4310 619 4360; x_wconf 92' lang='lat' dir='ltr'>sq.;</span> <span class='ocrx_word' id='word_1_356' title='bbox 655 4295 777 4363; x_wconf 76' lang='lat' dir='ltr'>Dilthey,</span> <span class='ocrx_word' id='word_1_357' title='bbox 809 4296 878 4343; x_wconf 86' lang='lat' dir='ltr'>Arm.</span> <span class='ocrx_word' id='word_1_358' title='bbox 908 4294 933 4342; x_wconf 91' lang='lat' dir='ltr'>d.</span> <span class='ocrx_word' id='word_1_359' title='bbox 971 4293 992 4341; x_wconf 93' lang='lat' dir='ltr'>l.</span> <span class='ocrx_word' id='word_1_360' title='bbox 1031 4292 1104 4360; x_wconf 80' lang='lat' dir='ltr'>XLI,</span> <span class='ocrx_word' id='word_1_361' title='bbox 1140 4308 1166 4356; x_wconf 89' lang='lat' dir='ltr'>p.</span> <span class='ocrx_word' id='word_1_362' title='bbox 1205 4306 1215 4341; x_wconf 90' lang='lat'>1</span> <span class='ocrx_word' id='word_1_363' title='bbox 1253 4307 1310 4356; x_wconf 77' lang='lat' dir='ltr'>sq.;</span> <span class='ocrx_word' id='word_1_364' title='bbox 1341 4308 1396 4341; x_wconf 85' lang='lat' dir='ltr'>sar·</span> 
     </span>
     <span class='ocr_line' id='line_1_41' title="bbox 215 4380 1394 4451; baseline -0.002 -17"><span class='ocrx_word' id='word_1_365' title='bbox 215 4384 318 4449; x_wconf 80' lang='lat' dir='ltr'>cofaghi</span> <span class='ocrx_word' id='word_1_366' title='bbox 342 4384 368 4432; x_wconf 91' lang='lat' dir='ltr'>di</span> <span class='ocrx_word' id='word_1_367' title='bbox 395 4383 501 4442; x_wconf 88' lang='lat' dir='ltr'>Medea;</span> <span class='ocrx_word' id='word_1_368' title='bbox 531 4384 598 4432; x_wconf 88' lang='lat' dir='ltr'>Matz</span> <span class='ocrx_word' id='word_1_369' title='bbox 625 4401 650 4433; x_wconf 91' lang='lat' dir='ltr'>u.</span> <span class='ocrx_word' id='word_1_370' title='bbox 671 4384 763 4444; x_wconf 89' lang='lat' dir='ltr'>Duhn,</span> <span class='ocrx_word' id='word_1_371' title='bbox 793 4392 846 4432; x_wconf 86' lang='lat' dir='ltr'>ant.</span> <span class='ocrx_word' id='word_1_372' title='bbox 866 4383 948 4431; x_wconf 91' lang='lat' dir='ltr'>Bldw.</span> <span class='ocrx_word' id='word_1_373' title='bbox 977 4398 999 4429; x_wconf 88' lang='lat' dir='ltr'>z.</span> <span class='ocrx_word' id='word_1_374' title='bbox 1021 4380 1097 4430; x_wconf 90' lang='lat' dir='ltr'>Rom.</span> <span class='ocrx_word' id='word_1_375' title='bbox 1127 4397 1171 4430; x_wconf 91' lang='lat' dir='ltr'>nn.</span> <span class='ocrx_word' id='word_1_376' title='bbox 1201 4381 1282 4444; x_wconf 77' lang='grc'>3161,</span> <span class='ocrx_word' id='word_1_377' title='bbox 1311 4383 1394 4451; x_wconf 78' lang='grc'>3162,</span> 
     </span>
     <span class='ocr_line' id='line_1_42' title="bbox 217 4471 1395 4543; baseline 0.002 -20"><span class='ocrx_word' id='word_1_378' title='bbox 217 4474 309 4539; x_wconf 84' lang='grc'>3163;</span> <span class='ocrx_word' id='word_1_379' title='bbox 333 4473 474 4536; x_wconf 83' lang='lat' dir='ltr'>Dutschke,</span> <span class='ocrx_word' id='word_1_380' title='bbox 497 4475 560 4526; x_wconf 87' lang='lat' dir='ltr'>Ant.</span> <span class='ocrx_word' id='word_1_381' title='bbox 580 4473 662 4525; x_wconf 82' lang='lat' dir='ltr'>Bldw.</span> <span class='ocrx_word' id='word_1_382' title='bbox 700 4474 733 4522; x_wconf 91' lang='lat' dir='ltr'>lV</span> <span class='ocrx_word' id='word_1_383' title='bbox 760 4488 787 4539; x_wconf 90' lang='lat' dir='ltr'>p.</span> <span class='ocrx_word' id='word_1_384' title='bbox 809 4485 861 4540; x_wconf 84' lang='lat'>310</span> <span class='ocrx_word' id='word_1_385' title='bbox 880 4490 905 4521; x_wconf 90' lang='lat' dir='ltr'>n.</span> <span class='ocrx_word' id='word_1_386' title='bbox 927 4472 993 4532; x_wconf 83' lang='lat'>6883</span> <span class='ocrx_word' id='word_1_387' title='bbox 1015 4471 1157 4543; x_wconf 76' lang='lat' dir='ltr'>Rossbach,</span> <span class='ocrx_word' id='word_1_388' title='bbox 1177 4471 1259 4524; x_wconf 82' lang='lat' dir='ltr'>ka.</span> <span class='ocrx_word' id='word_1_389' title='bbox 1280 4488 1309 4539; x_wconf 88' lang='lat' dir='ltr'>p.</span> <span class='ocrx_word' id='word_1_390' title='bbox 1333 4483 1395 4541; x_wconf 82' lang='lat'>175.</span> 
     </span>
    </p>
   </div>
   <div class='ocr_carea' id='block_1_8' title="bbox 0 0 1444 4920">
    <p class='ocr_par' dir='ltr' id='par_1_12' title="bbox 0 0 1444 4920">
     <span class='ocr_line' id='line_1_43' title="bbox 0 0 1444 4920; baseline 0 1"><span class='ocrx_word' id='word_1_391' title='bbox 0 0 1444 4920; x_wconf 95' lang='lat' dir='ltr'> </span> 
     </span>
    </p>
   </div>
  </div>
 </body>
</html>
