2880 4920
623 279 665 289 -.-.
714 267 753 320 24
806 279 841 293 ...-

304 442 470 524 Principio
496 441 625 505 ‹leliihru
650 441 769 504 (silerent
783 460 956 521 puertiupte
974 460 1033 519 per
1057 457 1135 500 inus

303 549 506 630 anatraat,
529 552 671 611 eructent
695 547 788 610 lectus
812 546 849 609 ile
871 567 957 608 irione
981 544 1120 607 bidentis

217 715 223 728 ,
305 655 472 738 Liyyiferue
501 653 606 718 Cereri
628 654 812 733 Phoeboque
827 654 979 733 putrique
1002 651 1120 733 Lyciae,

302 763 424 827 [tirreni
446 768 519 825 ante
542 763 654 842 onata,
679 762 730 825 eui
753 760 859 824 cincla
881 759 1006 841 inpube
1031 779 1132 821 earne.

252 873 415 948 Coniungit
438 872 526 948 igitur
549 882 640 947 poeta
662 872 721 928 hoc
751 871 819 928 loco
843 871 996 928 Bacchum
1024 888 1092 925 cum
1122 867 1182 926 diis
1218 866 1305 923 coniu-

80 1047 83 1052 .
143 983 261 1058 galibus
286 981 403 1049 Cerere,
421 980 574 1055 Apolline,
602 981 730 1047 Iunone,
749 978 831 1052 quod
855 987 934 1035 certe
957 995 1019 1034 non
1048 975 1180 1045 fecisset,
1198 974 1224 1032 si
1246 976 1306 1031 Bac·

142 1090 215 1147 chus
239 1110 257 1148 a
280 1088 390 1164 nuptiis
415 1087 622 1162 coniugiisque
638 1082 660 1170 ¹)
686 1097 764 1145 esset
788 1086 914 1143 alienus,

248 1196 340 1271 Apud
364 1195 490 1253 Statium
515 1213 635 1269 quoque
651 1187 674 1277 a)
700 1204 729 1251 et
753 1193 951 1250 Dracontium
966 1185 989 1268 3>
1013 1191 1151 1248 Bacchus
1178 1190 1218 1248 ad
1245 1208 1307 1263 nup

142 1305 199 1362 tias
220 1305 320 1380 venit3
348 1303 393 1361 his
419 1321 488 1360 vero
513 1303 610 1378 poetis
634 1321 696 1359 non
721 1321 832 1377 magua
859 1300 1020 1358 auctoritas
1045 1298 1240 1356 attribuenda
1262 1306 1305 1363 est,

142 1431 209 1471 cum
234 1430 339 1470 omnes
363 1412 423 1469 sere
448 1411 521 1469 deos
546 1410 680 1485 deasque
705 1410 744 1468 ad
768 1408 887 1483 nuptias
912 1407 1066 1465 venientes
1091 1406 1218 1480 fingant.

250 1521 347 1577 Multo
375 1519 495 1594 gravior
525 1527 624 1575 autem
655 1536 691 1575 ea
720 1535 765 1574 res
790 1526 843 1585 est,
874 1516 956 1590 quod
980 1515 1010 1579 in
1034 1514 1190 1570 Racchum
1214 1513 1307 1571 refere-

141 1627 229 1683 batur
252 1626 337 1701 origo
358 1639 518 1695 nucum,
532 1619 557 1702 ¹¹)
583 1643 660 1700 quae
685 1625 808 1698 quidem
831 1623 862 1679 in
888 1623 1075 1680 Graecorum
1111 1633 1140 1678 et
1165 1622 1308 1679 Romano·

248 1869 267 1940 1)
291 1873 380 1935 Inepta
411 1888 471 1919 sane
497 1887 560 1934 quae
591 1871 704 1934 leguntur
731 1869 796 1932 apud
824 1869 935 1917 Servium
971 1869 1004 1916 ad
1032 1868 1049 1917 l.
1071 1868 1088 1922 l,
1116 1874 1176 1916 est
1204 1866 1308 1916 etiarn

140 1978 273 2011 sensus
301 1962 444 2029 altior,.
468 1977 544 2009 nam
573 1960 714 2008 facturi
743 1958 880 2022 aliquid
909 1968 992 2007 ante
1022 1959 1205 2006 adversos
1233 1957 1308 2020 pln-

140 2068 260 2101 camus
291 2053 382 2100 deos
410 2058 443 2099 et
472 2052 527 2098 sic
554 2049 747 2114 propitios
775 2050 1010 2111 invocamus¹
1034 2077 1115 2085 —-
1136 2064 1225 2111 ergo
1254 2062 1308 2094 mo·

143 2140 187 2189 do
216 2148 381 2204 nuptura
409 2141 542 2203 placat
574 2147 658 2188 ante
687 2138 875 2205 Cererem,
914 2155 1003 2203 quae
1042 2146 1198 2201 propter
1234 2151 1309 2198 rap-

138 2238 211 2279 tum
242 2229 355 2278 filiae
392 2237 577 2293 nupturas
614 2237 854 2295 exsecratur,
895 2228 1131 2294 Apollinem,
1163 2226 1222 2291 qui
1257 2242 1309 2274 ex·

138 2335 221 2382 pers
259 2319 387 2367 uxoris
422 2325 502 2385 est,
539 2318 710 2366 Liberum
746 2317 805 2380 qui
839 2317 912 2364 nisi
947 2326 1090 2381 raptam
1120 2317 1311 2379 coniugem

138 2408 279 2456 habere
310 2425 379 2456 non
408 2408 602 2471 potuitetc.

259 2494 278 2566 ²)
297 2497 408 2560 Epithal.
428 2498 498 2546 Stell.
520 2506 544 2546 et
563 2497 676 2545 Violant.
698 2514 721 2546 v.
753 2509 792 2559 17,
831 2498 916 2546 Tibi
942 2498 987 2561 (sc.
1019 2495 1122 2561 Stellae)
1150 2495 1315 2544 Phoebus

137 2595 170 2636 et
197 2588 301 2636 Evan
321 2615 400 2623 —-
422 2595 523 2636 serta
552 2588 682 2643 serunt,
701 2589 947 2651 Vid,etia1nv,219
967 2587 1187 2652 sq‚Cs,Gronov,
1209 2585 1315 2639 diatrin

137 2677 208 2726 Statii
233 2676 309 2725 silvas
328 2677 401 2739 IV,5
422 2693 477 2740 cap.
499 2687 545 2739 543
570 2676 600 2725 C.
622 2676 705 2731 Barth,
726 2678 758 2726 ad
778 2678 794 2732 l,
814 2678 831 2726 l.
871 2679 981 2744 Herzog¹
997 2678 1060 2726 Stati
1086 2674 1192 2739 epithal.
1220 2692 1247 2738 p.
1275 2687 1313 2738 39.

246 2763 265 2834 ⁸)
288 2767 525 2830 V1‚v.671)uhn:

207 2856 323 2905 Liber
353 2856 569 2919 pampineis
598 2857 894 2906 ornatusironte
923 2857 1087 2919 corymbis

207 2945 330 2993 Intrat
359 2952 391 2993 et
417 2944 594 2993 uviferos
623 2946 751 2994 vibrat
781 2962 889 3010 super
917 2947 1063 3009 agmina
1090 2945 1249 3008 thyrsos.

251 3031 274 3100 4)
294 3035 395 3083 Comm.
416 3035 546 3082 Lemovie.
569 3037 601 3083 ad
621 3036 695 3099 Verg.
719 3037 800 3100 eclog.
822 3037 917 3084 VllIv.
934 3048 980 3098 30:
1008 3035 1100 3084 Saue
1121 3034 1133 3082 f
1141 3035 1256 3082 abula
1280 3034 1317 3081 ile

135 3125 244 3173 nucis
273 3124 426 3187 origine
459 3124 556 3172 talis
585 3133 653 3173 est:
687 3125 784 3173 Dion
820 3142 880 3174 rex
908 3125 1098 3173 Laconiac
1132 3124 1221 3180 suit,
1261 3123 1317 3188 qui

136 3214 266 3263 habuit
299 3229 446 3261 uxorem
488 3213 674 3277 Iphitean
716 3215 880 3278 Progrrai
916 3214 1059 3271 filiam,
1109 3229 1200 3277 quae
1247 3228 1317 3261 curu

135 3304 365 3367 Apollinem
396 3319 531 3351 summo
567 3305 668 3352 cultu
697 3314 730 3353 et
758 3305 974 3352 reverentia
1010 3303 1182 3366 hospitio
1216 3319 1317 3351 rece·

134 3394 279 3460 Pisset‚
310 3392 378 3440 ille
406 3394 640 3441 remunerari
669 3394 803 3442 volens
832 3394 934 3442 eirca
962 3409 996 3440 se
1025 3393 1213 3455 hospitum
1243 3392 1318 3440 cul-

135 3470 207 3530 turn
238 3483 363 3531 trihus
391 3482 554 3531 filiabus
581 3500 725 3552 eorum,
755 3501 844 3548 quae
873 3483 1002 3549 Orphe,
1023 3483 1116 3544 Lyco
1145 3490 1178 3529 et
1203 3481 1319 3545 Carya

134 3573 361 3636 appellatae
395 3580 497 3638 sunt,
526 3573 805 3623 divinationem
836 3573 1043 3631 concessit,
1076 3571 1249 3638 adiectu,
1281 3589 1319 3620 ne

133 3661 370 3726 proditrices
416 3661 598 3710 numinum
642 3679 723 3712 esse
766 3665 913 3713 vellent
952 3678 1042 3712 neve
1075 3671 1317 3728 quaererent,

134 3752 236 3816 quod
265 3759 365 3800 esset
395 3752 501 3800 nefas
538 3751 645 3808 scire,
691 3755 777 3803 Post
815 3755 929 3804 Liber
961 3761 1065 3817 pater
1099 3751 1319 3800 adveniens

133 3859 148 3890 a
181 3842 385 3890 Dionevel
414 3842 492 3890 cius
519 3860 630 3892 uxore
658 3844 1024 3908 receptushospitio
1053 3850 1128 3899 est;
1162 3841 1318 3905 quicum

136 3940 263 3980 amata
291 3949 305 3979 a
334 3931 503 3995 seCarya
529 3933 664 3981 coitum
694 3933 855 3991 miscuit;
879 3933 942 3981 secl
984 3931 1172 3979 cuminde
1203 3947 1319 3994 aegre

132 4021 247 4070 Liber
291 4020 490 4083 profectus
524 4029 642 4088 esset¹
690 4030 850 4085 cogente
895 4021 1033 4070 amoris
1074 4020 1318 4083 impatientia

132 4110 260 4158 denuo
290 4109 641 4172 adhospitesredit
670 4110 1317 4174 causampraetendeusdedicandi

131 4199 228 4262 sani,
256 4197 356 4258 quod
383 4196 420 4245 id
441 4199 683 4265 (eiLange)rex
712 4207 889 4258 voverat,
913 4199 976 4247 serl
1004 4201 1102 4262 Lyco
1131 4208 1165 4248 et
1196 4200 1315 4264 Orphe

129 4289 338 4340 intellecto
378 4289 479 4336 circa
518 4304 682 4336 sororenr
718 4289 862 4350 Caryan
906 4288 1040 4336 Liberi
1082 4305 1202 4338 amore
1243 4307 1314 4338 eam

131 4378 324 4446 custodire
359 4387 585 4443 coeperunt,
633 4395 672 4427 ne
710 4395 783 4427 cum
820 4379 956 4426 Libero
997 4380 1029 4427 ei
1066 4389 1167 4429 esset
1201 4382 1312 4445 copia

130 4469 314 4529 coeundi,
351 4485 443 4537 quas
472 4484 551 4517 cum
583 4469 693 4519 Liber
727 4476 838 4535 pater
867 4477 1035 4519 moneret
1069 4479 1308 4538 terreretque,
