2880 4920
543 111 763 165 .—r3-*-

63 314 163 362 ortam
188 323 252 362 esse
276 322 502 380 cognoscemus,
550 305 684 363 Athenas
709 304 788 363 eninr
807 305 1019 365 demonstrant
1042 306 1161 364 Atticae
1184 305 1241 361 vir-

62 411 161 486 ginea,
188 411 339 486 raptioniam,
365 411 388 468 si
406 412 517 486 Argiva
541 423 618 469 esset
641 412 753 480 sabula,
779 430 870 469 causa
895 411 1020 470 inveniri
1044 431 1106 470 non
1131 421 1238 487 potest,

63 537 118 575 eur
149 537 210 575 non
234 519 273 576 de
296 518 414 593 Argivis
438 518 602 594 riaginihus
628 518 793 576 audiamus.
842 519 982 576 Athenas.
1001 531 1156 595 praeterea
1190 519 1241 577 de-

60 636 210 684 monstrat
240 627 323 683 locus
346 626 480 683 fabulae:
507 625 711 711 τταραττλέων
741 617 800 700 trie
823 613 978 708 Ἀθήνας
1027 627 1076 684 Ad
1100 628 1236 685 Athenas

63 733 197 807 denique
221 743 357 808 spectant
380 733 497 808 Pelasgi
523 733 565 789 illi
596 733 773 808 praedones,
821 734 868 791 De
904 732 938 790 iis
974 733 1054 791 enim
1089 733 1236 810 virginum

62 840 233 898 Atticarum
263 840 431 914 raptoribus
465 859 500 897 ae
533 841 750 915 stupratoribus
784 842 864 915 apud
890 841 1080 899 Herodotum
1114 841 1240 916 legimus

62 947 117 1004 lib.
144 949 197 1016 VI,
216 963 294 1021 137:
321 938 362 1022 aig
387 944 423 1008 δὲ
447 935 542 1010 ailant
564 936 736 1029 Ἀθήναιοι
767 947 899 1027 λέγουσι.
927 945 1058 1023 δικαίως
1090 946 1240 1022 ἐξελάσαι

62 1053 118 1129 (sc.
144 1045 218 1128 toric
241 1045 456 1132 Heloroyotigl'
482 1063 730 1138 κατοικημένους
760 1052 824 1140 γάρ
855 1053 1145 1135 τοιῖςζΠιίασῃούς
1174 1053 1239 1118 ὑπὸ

62 1163 111 1245 τῷ
135 1159 281 1246 Ἱμησσρῖ
316 1155 477 1223 ἐνθεῦτέν
512 1160 725 1244 ὁρμωμένους
749 1151 893 1225 abaron
916 1160 1018 1224 τάδε·
1043 1166 1161 1239 φοιτᾶν
1177 1159 1240 1245 γαρ

62 1269 130 1329 ata
155 1265 214 1343 τοὶς
238 1273 390 1353 σφετέρας
414 1270 600 1350 θνγατέρας
623 1266 674 1330 ἐπ’
702 1262 786 1353 ἶῖὅωρ
812 1266 867 1330 int
893 1262 953 1351 τήν
975 1259 1237 1353 Ἐιίἰοὶκροννον

63 1373 101 1436 οὐ
126 1371 187 1460 γαρ
212 1370 299 1439 εἶναι
322 1378 437 1439 τοῦτον
460 1370 518 1439 τόν
542 1374 658 1460 χρόνον
691 1384 776 1458 σῃίοι
811 1397 855 1438 κω
890 1365 966 1438 aba
1001 1389 1080 1438 τοῖσι
1114 1373 1240 1438 ἄλλοισι

54 1477 189 1566 Ἕλλησι
213 1485 349 1559 οἰκέτας.
376 1478 457 1559 ὅκως
484 1481 518 1545 δὲ
544 1477 675 1546 ἓίἶθοιιν
709 1472 819 1547 αὗται.
855 1475 927 1557 τούς
951 1476 1140 1561 listriana
1173 1475 1237 1547 rimi

60 1585 178 1671 ὕβριός
201 1615 236 1652 τε
259 1599 314 1653 καὶ
339 1589 503 1676 ὀλιγωρίης
525 1594 672 1666 βιᾶσθαι
697 1599 803 1672 σφέας.

173 1699 226 1755 Est
260 1697 347 1774 igitur
375 1698 620 1756 verisimillimum
651 1698 784 1756 fabulam
816 1698 854 1756 de
878 1699 1057 1772 Hymenaeo
1090 1697 1237 1771 virginum

63 1806 227 1863 liberatore
251 1815 346 1863 ortam
372 1825 436 1864 esse
460 1807 595 1876 Athenis,
622 1825 712 1881 quam
737 1815 843 1880 postea
863 1804 974 1881 Argivi,
1000 1823 1068 1861 eum
1086 1804 1166 1878 apud
1187 1823 1238 1862 eos

63 1931 187 1987 quoque
211 1914 404 1986 Hymenaeus
428 1914 541 1971 maiore
565 1913 605 1970 uti
640 1913 833 1971 veneratione
869 1912 1027 1986 coepisset,
1064 1910 1121 1967 sibi
1145 1911 1238 1969 vindi-

63 2020 177 2077 cabant
201 2020 251 2089 ita‚
276 2031 307 2078 ut
331 2021 414 2078 illum
438 2022 528 2079 fuisse
552 2021 695 2097 Argivum
720 2020 863 2088 dicerent,
890 2018 939 2093 qui
964 2019 1094 2076 Atticam
1121 2029 1236 2076 tantum

64 2138 285 2202 praetervectus
310 2140 395 2188 esset.

173 2235 321 2293 Videntur
344 2246 442 2294 autem
466 2236 523 2294 hac
547 2236 577 2293 in
601 2236 704 2293 sabula
727 2232 917 2292 matrimonia
942 2242 1027 2307 raptu
1053 2244 1119 2292 orta
1142 2252 1236 2309 oppo-

65 2342 124 2400 sita
147 2360 213 2400 esse
236 2343 281 2412 iis,
307 2360 383 2418 quae
407 2342 493 2400 certis
518 2342 742 2400 conditionibus
767 2342 990 2397 contrahuntur.
1016 2340 1133 2416 Pelasgi
1157 2340 1236 2398 enim

64 2449 182 2507 Atticas
218 2450 366 2524 rapientes
389 2450 518 2525 virgines
544 2450 624 2506 iuxta
641 2449 828 2507 Callirrhoen
852 2450 966 2506 sontem
992 2449 1074 2505 illum
1091 2447 1237 2506 artissime

64 2575 134 2613 eum
159 2556 269 2631 nuptiis
294 2556 432 2633 legitimis
456 2557 649 2614 coniunctum
663 2552 687 2634 ¹)
712 2556 892 2632 significant*
919 2567 1055 2631 tempora
1089 2556 1149 2624 illa,
1175 2557 1237 2630 qui·

64 2664 122 2721 hus
146 2683 213 2721 mos
229 2674 291 2722 erat
315 2664 443 2740 virgines
460 2665 498 2722 ad
516 2665 706 2722 matrimonia
723 2664 869 2739 rapiendi.
896 2665 987 2721 Hunc
1002 2663 1106 2722 rudem
1123 2682 1235 2721 morem

65 2771 195 2845 reppulit
218 2770 386 2828 humanitas
411 2771 440 2827 iu
465 2771 528 2829 dies
553 2782 658 2830 aucta:
694 2772 752 2829 iam
785 2772 918 2847 legitima
950 2772 1063 2828 fiebant
1095 2771 1236 2846 coniugia

60 2879 153 2936 <tertis
178 2879 411 2948 conditionibus
437 2899 526 2954 quam
551 2896 647 2937 rerum
671 2879 866 2938 mutationem
890 2879 994 2936 fabula
1018 2879 1059 2936 ita
1082 2879 1234 2953 expressit,

65 2996 96 3044 ut
121 2987 341 3059 Hymenaeum,
367 2987 565 3064 legitimarum
590 3007 765 3062 sponsorem
790 2988 969 3063 nuptiarum,
1003 2986 1146 3044 liberasse
1181 2985 1234 3042 uir-

64 3095 150 3170 gines
176 3112 192 3151 e
215 3096 408 3170 Pelasgorum
431 3106 578 3170 potestate
601 3096 723 3154 diceret.
761 3098 906 3171 Magnum
931 3104 1029 3152 autem
1055 3092 1128 3150 illud
1151 3093 1234 3151 meri·

62 3207 128 3259 tum
152 3202 359 3278 coniugiorum
384 3202 569 3261 inventorum
586 3203 784 3262 Athenienses
808 3221 879 3277 prae
908 3220 940 3259 se
965 3200 1109 3259 serebant.
1130 3200 1231 3258 Sehol.

65 3311 142 3368 Ven.
169 3311 196 3366 A
221 3309 259 3367 ad
276 3309 361 3368 iliad.
380 3311 484 3367 XVIII
498 3330 571 3385 491·
596 3308 742 3395 έιτιιμέριι
767 3308 802 3372 δὲ,
820 3303 944 3391 μα’μονς
967 3315 1021 3371 καὶ
1038 3306 1230 3394 ὑμεναίους·

64 3413 100 3480 έν
125 3409 285 3499 Ἀθήναις
308 3411 371 3503 γαρ
393 3418 501 3480 ταῦτα
525 3417 655 3502 ττροῖτον
677 3410 776 3500 ἤχθη.
817 3417 950 3474 Eustath.
977 3418 1016 3475 ad
1041 3417 1168 3474 eundem
1194 3418 1234 3472 lo-

64 3543 149 3584 cunt:
174 3516 298 3605 ῃοῖμοιις
321 3532 378 3587 καὶ
400 3517 575 3605 ὑμεναίους
600 3520 636 3585 ἓν
659 3517 818 3607 Ἀθήναις
842 3523 970 3611 πρῶτον
994 3520 1057 3605 ιίχί
1073 3523 1145 3587 ’ναι
1169 3517 1234 3586 rimi

66 3719 280 3726 ———--—.

174 3841 193 3907 ¹)
209 3844 323 3908 Thucyd.
336 3845 368 3899 II.
387 3854 416 3907 15
431 3843 475 3894 καὶ
488 3847 516 3913 τῃ
531 3839 613 3912 κρήνῃ
628 3847 656 3911 τῇ
669 3847 719 3892 νῦν
731 3841 782 3912 μὲν
792 3846 845 3892 τοῖν
857 3837 995 3910 τυράννων
1008 3838 1077 3892 οὕτω
1093 3837 1232 3892 extruantu-

64 3950 118 3985 των
137 3930 337 4003 Έννιιεκρούνρι
355 3935 511 4004 καλουμένῃ,
526 3931 552 3984 τὰ
572 3933 600 3984 δι’
620 3930 704 3983 πάλαι
724 3937 850 4000 ᾳανιριῦν
869 3936 924 3982 των
943 3937 1038 3999 ιιημιῡν
1062 3928 1150 3980 οιῖσιῦν
1167 3932 1232 3980 Καλ-

63 4021 157 4093 λιρρόῃ
176 4019 352 4092 ω’νομααιιένῃ
371 4023 468 4074 έκιῒνοί
484 4041 510 4074 τι
530 4019 612 4091 ι’μμιὶς
631 4018 694 4089 οὔσῃ
713 4017 742 4071 rii
762 4021 883 4071 ιιλιίσιοιι
907 4017 968 4074 ἄξια
985 4020 1102 4089 έχροῖνιο
1122 4020 1164 4070 καὶ
1184 4024 1232 4069 νίιν

63 4116 101 4164 ἔτι
122 4109 177 4163 rimi
198 4117 245 4162 τοῦ
263 4109 377 4182 (ι’ρχαιόυ
397 4108 447 4179 ιιρό
467 4128 494 4161 rr
512 4115 639 4180 γαμικῶν
658 4111 701 4160 καὶ
725 4109 751 4166 ές
774 4107 842 4159 ἄλλα
865 4114 918 4160 των
938 4111 1017 4176 ιἰρων
1040 4111 1175 4178 νομίζεται
1195 4112 1233 4173 τῷ

63 4200 282 4272 ὕδατιχρῆσθαι.
332 4201 372 4249 CI.
412 4200 544 4253 Demosth,
573 4200 599 4246 iu
629 4198 750 4246 Leochar.
783 4214 808 4260 p,
831 4199 908 4255 rosa
933 4198 995 4252 rou,
1012 4199 1108 4260 Ill43;
1133 4199 1230 4261 Ilai'po-

63 4304 124 4346 crat.
145 4309 166 4344 s,
191 4309 213 4345 ν.
233 4287 422 4358 λοντροιῃόριος;
442 4290 512 4345 Suid,
533 4306 553 4344 s,
573 4303 611 4346 v„
635 4288 705 4342 Phot,
725 4305 745 4338 s.
768 4303 808 4344 v.;
831 4290 862 4344 E,
885 4291 919 4343 hl,
939 4308 958 4344 s,
978 4307 1002 4344 v,
1020 4283 1233 4356 ’Eru‘rdxpouroa
