2880 4920
548 257 766 315 ...81—

458 447 517 528 II.
564 448 628 530 De
656 446 865 531 talasio.

171 597 241 654 Iam
274 584 345 654 vero
378 597 589 670 Hymenaeum
620 595 823 670 relinquamus
854 607 883 655 et
913 595 1123 672 aggrediamur
1152 595 1240 654 Tala-

58 705 149 775 sium,
168 700 196 782 1)
221 705 428 762 Romanorum
452 704 543 762 deum
566 704 739 780 nuptialem.

640 884 669 957 l.

171 1029 222 1084 Ac
246 1026 270 1083 si
294 1025 421 1101 primum
445 1027 522 1100 quae
545 1026 633 1083 nobis
658 1037 772 1086 veteres
796 1033 871 1112 περὶ
894 1030 954 1092 rori
970 1019 1239 1113 πολυθρυλλῆτου

52 1134 240 1197 Ταλασίου
264 1133 449 1191 tradiderunt
465 1133 613 1203 videmuS,
639 1153 684 1193 res
707 1135 797 1193 nobis
821 1145 951 1193 estnon
975 1154 1043 1193 cum
1067 1135 1165 1194 multis
1192 1135 1239 1193 iis·

51 1259 119 1318 que
149 1240 282 1298 diversis
306 1241 414 1299 fabulis
439 1253 470 1300 ut
493 1241 523 1298 in
549 1244 736 1316 Hymenaee,
763 1242 816 1301 sed
840 1261 907 1301 cum
931 1261 991 1301 uua
1014 1253 1138 1315 tantum,
1163 1260 1242 1318 quae

47 1353 192 1428 quidem
219 1353 257 1409 ab
282 1351 421 1408 omnibus
446 1350 617 1408 auctoribus
641 1350 748 1409 iisdem
771 1352 832 1410 fere
856 1350 955 1409 verbis
979 1352 1026 1410 vel
1049 1351 1239 1410 mediocriter

46 1471 184 1519 tantum
209 1468 324 1517 mutata
345 1467 488 1515 narratur.
522 1458 635 1516 Omnes
660 1458 740 1516 enim
764 1457 854 1516 eain
878 1477 909 1517 re
932 1458 1132 1531 consentiunt,
1157 1459 1239 1535 quod

47 1566 226 1626 Talasium
250 1565 353 1624 dicunt
377 1566 484 1623 ducem
508 1566 630 1623 Romuli
663 1566 767 1636 fuisse,
803 1565 850 1623 cui
884 1565 915 1623 iu
943 1565 1123 1624 Sabinarum
1154 1576 1240 1642 raptu

47 1672 271 1751 pulcherrima
293 1673 377 1748 virgo
401 1670 550 1747 obtigerit.
597 1673 701 1730 Festus
725 1691 754 1748 p.
782 1688 841 1748 351
869 1690 891 1730 s.
917 1691 944 1730 v.
964 1667 1182 1734 Talassionem
1204 1669 1241 1734 aa

10 1768 13 1787 ¹
48 1777 193 1859 arrpiiis
223 1775 323 1839 Varro
347 1777 396 1838 ait
416 1776 542 1858 saraam
568 1795 632 1839 esse
657 1775 801 1857 lanificii,
825 1776 1008 1865 τάλαρον
1031 1776 1135 1841 idest
1165 1797 1240 1858 aaa·

49 1885 189 1965 sillam,
214 1883 288 1946 iada
311 1883 395 1946 enim
418 1882 545 1947 solitam
570 1882 729 1964 appellari
754 1882 981 1948 Talassionem.
1008 1889 1043 1947 at
1050 1935 1168 1950 ......
1194 1883 1238 1947 ta·-

52 1993 244 2056 storiarum
266 1992 401 2071 scriptor
426 1990 607 2055 I'alassa'am
641 1992 690 2054 ait
709 1991 838 2054 aomina
859 1991 965 2056 airam
1000 1998 1095 2074 rapta
1117 1991 1242 2075 simiae

53 2101 184 2164 tetricae
202 2097 466 2180 pulchritudinis,
491 2098 577 2178 qaod
598 2099 627 2162 ei
649 2098 686 2160 id
708 2099 889 2182 coaiayiam
911 2097 1018 2182 faerit
1039 2098 1136 2183 falia,
1167 2099 1244 2164 botai

57 2205 195 2270 aminis
215 2205 325 2288 aratia
347 2225 432 2290 aaac
454 2202 713 2289 redintegrari&

183 2418 204 2487 ¹)
224 2421 286 2468 Tres
305 2427 407 2471 exstant,
421 2420 532 2468 nominis
552 2419 661 2468 formae:
685 2418 710 2486 a)
730 2420 888 2471 Talasius
910 2403 1014 2488 (Catuli.
1035 2423 1094 2472 LXI
1108 2434 1167 2484 134.
1188 2421 1244 2473 Plu·

62 2512 150 2563 tarch.
194 2526 236 2574 qu.
257 2510 332 2558 Rom.
355 2522 397 2571 31.
418 2509 521 2558 Romul.
549 2508 592 2575 15)
616 2509 668 2559 sive
692 2509 891 2572 Talassius‚
930 2512 1125 2581 Thalasius,
1156 2512 1244 2580 Tha·

63 2601 206 2652 lassius
225 2598 293 2665 (Liv.
314 2599 362 2665 I9,
379 2597 433 2662 12.)
452 2596 480 2666 b)
499 2599 522 2646 T
536 2599 668 2648 alassus
688 2599 773 2665 (Mart.
794 2601 910 2668 V42,4.
931 2600 955 2669 c)
975 2601 1135 2651 Talassio
1157 2601 1244 2668 (Mart.

65 2690 170 2758 135‚6
191 2696 216 2737 et
236 2689 262 2746 73
286 2689 443 2755 11193,25;
480 2688 569 2737 Sidon.
592 2688 679 2752 Apoll.
701 2704 741 2751 ep.
763 2689 783 2747 Ι,
799 2687 835 2758 5.)
855 2691 896 2738 vel
922 2689 1091 2739 Thalasio
1110 2688 1192 2757 (Serv.
1213 2691 1245 2739 ad

67 2784 137 2828 Aen.
160 2778 258 2844 1651),
274 2777 314 2826 vel
333 2776 515 2826 Thalassio
535 2778 621 2843 (Verg.
643 2777 727 2826 Catal.
748 2779 783 2827 IV
796 2778 824 2837 83
848 2780 872 2828 V
885 2779 937 2849 15.)
957 2779 1094 2830 Utebantur
1113 2786 1196 2830 autem
1213 2780 1245 2829 iis

68 2878 168 2918 veteres
188 2866 242 2915 sine
260 2866 311 2915 ullo
330 2866 482 2914 discrimine.
521 2867 596 2914 Falsa
615 2866 683 2915 enim
703 2866 836 2917 Siebdratii
855 2865 983 2919 distinctio
996 2868 1117 2937 (Theoor.
1133 2869 1240 2934 epithal.

70 2959 133 3007 Hel.
157 2973 185 3019 p.
207 2956 261 3022 35),
284 2957 324 3021 qui
344 2956 591 3006 Talassionem
617 2973 765 3026 carmen,
786 2958 983 3009 Talassium
1002 2959 1156 3008 carminis
1174 2975 1243 3024 pro-

70 3049 182 3112 prium
206 3047 375 3096 obiectum
394 3048 476 3096 valere
495 3048 581 3097 voluit.
622 3048 709 3114 (Apud
729 3049 841 3099 Servium
866 3050 899 3098 ad
926 3051 992 3099 Aen.
1022 3051 1093 3114 1651
1127 3049 1243 3113 Talassio

71 3139 122 3187 dux
142 3138 272 3186 Romanus
295 3136 355 3203 est.)
386 3165 419 3173 -
451 3138 561 3186 Easdem
581 3139 649 3187 vocis
675 3139 768 3189 formas
787 3140 908 3191 habemus
933 3141 1009 3191 etiam
1031 3139 1056 3188 in
1076 3139 1183 3211 virorum
1196 3120 1242 3211 nug

72 3228 201 3279 minibus:
226 3225 249 3292 1)
269 3227 447 3294 Talasius,
469 3228 599 3290 episcopus
619 3227 854 3292 Gratinopolitanus
873 3229 996 3297 (append.
1024 3229 1058 3279 ad
1076 3229 1171 3279 Victor.
1195 3210 1242 3283 ¹Vi-

72 3315 167 3385 tens.);
192 3315 390 3374 Thalassius
410 3315 436 3382 a)
449 3316 621 3366 Antiochenus
635 3318 777 3384 (Ammian.
794 3321 908 3369 Marcell.
925 3320 999 3368 XXII
1009 3333 1034 3385 9,
1049 3317 1092 3385 13)
1101 3300 1153 3387 sb)
1167 3337 1244 3393 gener

73 3405 183 3455 Ausonii
217 3405 326 3471 (Auson.
347 3407 482 3472 X12‚45;
505 3406 568 3454 XIII
579 3419 603 3475 2,
615 3406 678 3474 44);
702 3405 727 3474 c)
746 3408 839 3457 amicus
857 3409 958 3459 Libanii
982 3407 1045 3476 (vid.
1073 3409 1193 3472 epistolas
1217 3418 1242 3459 et

68 3496 209 3544 orationem
228 3490 294 3562 1ὑπὲρ
316 3494 494 3562 Θαλασσίου);
510 3493 538 3561 d)
556 3496 689 3560 episcopus
702 3497 839 3548 Caesareae
855 3497 1034 3562 Cappadociae
1052 3496 1156 3566 (Euagr.
1176 3500 1240 3563 eccl.

69 3586 126 3634 hist.
147 3583 224 3650 114.)
265 3583 290 3650 e)
309 3585 473 3634 Helinnensis
499 3585 667 3652 (Theodoret.
695 3588 726 3636 de
750 3588 794 3638 vit.
823 3595 887 3652 patr.
909 3586 965 3654 22.)
1003 3586 1031 3654 2)
1049 3588 1241 3639 Thalassus

70 3675 97 3724 C.
120 3676 142 3724 I.
164 3675 195 3723 L.
216 3675 254 3722 III
277 3691 303 3723 n.
330 3685 408 3738 2375.
427 3676 611 3726 Grammaticus
623 3677 727 3727 Latinus
747 3679 813 3742 apud
827 3679 966 3728 Ausonium
984 3679 1046 3728 XVI
1058 3691 1100 3743 13.
1115 3677 1143 3746 3)
1157 3679 1239 3729 Tha·

69 3763 172 3814 lassio
191 3763 222 3812 C.
244 3764 265 3812 Ι.
287 3764 317 3812 L.
341 3766 379 3813 III
398 3781 423 3813 n.
446 3776 495 3827 717
515 3764 558 3816 ἐπὶ
575 3766 704 3832 βασιλέως
725 3765 912 3825 Θαλασσίωνος
929 3771 975 3819 τοῦ
996 3767 1190 3833 Θαλασσίῳνος.

178 3849 200 3919 2)
220 3853 286 3901 Cod.
303 3852 437 3903 -Leidensis
452 3853 500 3922 (Υ)
512 3855 558 3904 sol.
576 3867 605 3918 71
627 3857 730 3919 praebet
741 3856 827 3921 paullo
840 3856 953 3907 diversa:
975 3857 1240 3917 Talassionem

70 3942 104 3991 in
132 3942 281 4006 nuptiis
309 3943 423 3991 Varro
452 3944 505 3992 ait
530 3945 674 4009 ,signum
702 3945 895 4006 lanificii,
933 3941 1094 4017 τάλαρον
1121 3947 1157 3997 id
1184 3955 1240 3998 est

71 4031 278 4095 quasillum
294 4074 371 4085 ,,,,,
397 4041 431 4080 at
445 4076 524 4087 ,,,,,
548 4033 797 4085 historiarum
825 4035 994 4099 scriptor
1021 4037 1075 4087 ait
1103 4036 1238 4087 Talas-

73 4123 164 4170 sium
185 4121 389 4168 militarem
413 4121 527 4170 virum
554 4134 661 4186 rapta
688 4123 837 4188 virgine
860 4125 995 4175 unicae
1023 4126 1239 4191 pudicitiae

74 4256 151 4266 ,,,,,
178 4211 273 4274 quod
302 4212 333 4258 ei
363 4211 397 4258 id
425 4226 630 4275 cognomen
658 4213 696 4279 (in
715 4214 827 4278 margine
856 4213 1083 4281 conlugium)
1120 4215 1238 4265 fuerit

70 4301 165 4351 lclix
194 4301 280 4349 item
308 4301 444 4350 aurinis
464 4303 590 4366 gratia
617 4319 709 4352 nunc
736 4304 1009 4367 redintegrari.
1026 4304 1066 4353 ct.
1082 4305 1233 4366 Mommsen,

68 4392 133 4441 Festi
155 4390 214 4439 cod.
235 4398 349 4453 quatern.
372 4391 432 4438 XVI
451 4408 477 4455 p.
498 4391 532 4440 62
550 4389 657 4456 (Philol.
677 4409 703 4441 u.
723 4392 782 4443 hist.
804 4391 901 4441 Abhdl.
928 4392 955 4441 d.
980 4393 1008 4442 k.
1028 4394 1111 4461 Acad.
1137 4394 1163 4444 d.
1191 4395 1234 4449 W.

68 4499 94 4531 zu
114 4481 201 4530 Berlin
228 4479 317 4546 1864.)

848 4571 865 4618 6
