2880 4920
608 301 648 308 ....
699 271 736 324 28
784 300 827 309 ..-

130 442 231 507 νύκτα
257 446 412 530 νεβρίζων
436 454 491 508 καὶ
516 446 716 532 κρατηρίζων
732 453 787 506 καὶ
812 449 984 528 καθαίρων
1000 440 1076 520 τούς
1093 445 1280 529 τελουμένοις

129 559 185 615 καὶ
216 548 416 634 οἷπομάττων
450 557 496 639 roi
526 552 619 637 πηλῷ
642 560 696 615 καὶ
722 566 784 628 τοῖς
819 548 966 635 πιτύροις
989 560 1047 615 καὶ
1070 547 1210 628 ἀνιστάς
1231 541 1282 617 tini
1323 586 1328 621 t

133 664 190 724 τοῦ
213 664 393 746 καθαρμοῦ
415 667 471 723 καὶ
494 654 634 724 κελεύων
662 659 782 740 λίμειν·
808 656 966 740 ἔφυγον
996 653 1103 722 κακά
1117 684 1156 733 ν,
1182 651 1283 745 εὗρον

131 763 371 846 άμτιιιοιι.ῐ)

236 877 294 933 Pro
317 876 443 950 nuptiali
468 887 496 934 et
520 875 672 952 coniugali
699 874 809 932 Bacchi
833 874 861 931 vi
886 875 976 932 etiam
1000 892 1110 933 cares
1134 893 1200 933 non
1221 874 1286 934 levit
1320 909 1329 945 ,ς

131 983 238 1040 simum
256 994 461 1059 argumentum
486 984 630 1059 praebere
654 984 779 1052 videtur,
798 983 880 1058 quod
904 983 978 1041 deus
1002 982 1053 1041 ille
1069 982 1212 1042 venereis
1233 998 1285 1058 ope
1321 1042 1329 1052 ,

130 1090 210 1147 ribus
241 1099 270 1147 et
305 1090 479 1149 fecunditati
510 1091 660 1149 humanae
693 1108 832 1166 praeesse
869 1089 1057 1148 credebatur.
1106 1090 1191 1148 Nam
1218 1099 1248 1147 ut
1267 1106 1287 1146 o
1322 1105 1328 1159 ζ

130 1197 280 1254 mittamus
304 1197 430 1254 seminas
461 1198 548 1255 Naxo
578 1198 607 1254 in
639 1198 745 1265 insula,
788 1196 930 1271 peculiari
960 1196 1073 1254 Bacchi
1110 1187 1287 1271 domicilo,i
1322 1254 1328 1265 ,

129 1305 189 1361 iam
213 1315 320 1362 octavo
349 1323 451 1363 mense
490 1325 594 1380 parere
609 1299 632 1378 ³)
668 1305 764 1363 dictas
794 1323 880 1373 esse,
898 1303 1082 1380 Augustinus
1109 1305 1150 1363 de
1175 1303 1231 1361 civ.
1252 1299 1287 1360 dei

130 1412 224 1486 V19:
249 1407 409 1489 Liberum,
434 1405 545 1487 inquit(
568 1430 587 1470 a
620 1408 823 1472 {thermantia
856 1407 1051 1488 appeliatum
1074 1405 1198 1489 νοίιιιιί,
1222 1400 1287 1487 quoti

132 1535 236 1578 υιαντο
268 1515 304 1576 in
338 1515 474 1578 οοαιιιτίο
501 1537 560 1596 μω·
590 1516 657 1579 eius
689 1515 870 1599 benificium
902 1516 1027 1579 eutissis
1059 1510 1287 1578 seminibusli
1324 1552 1329 1575 -,

132 1622 277 1685 iterentur
290 1672 407 1686 ......
447 1628 476 1686 τί
507 1622 544 1685 ob
575 1622 650 1685 λισοο
677 1621 792 1685 Liba-0
828 1621 958 1685 totidem
1000 1621 1129 1685 virttem
1164 1618 1288 1703 corporis
1325 1686 1329 1695 ,

127 1734 254 1810 portatu
278 1731 311 1792 itt
338 1730 448 1810 templu
469 1732 550 1810 μοιιιῗ
573 1745 628 1792 etc.
670 1734 739 1806 Quo
765 1752 801 1791 ex
824 1734 892 1791 loco
916 1734 1055 1810 neglecta
1077 1734 1171 1791 stulta
1195 1743 1287 1807 etymo

130 1840 213 1917 logia
236 1859 309 1899 sane
333 1842 512 1900 sumendum
542 1851 587 1900 est
618 1843 770 1899 Bacchum
800 1859 868 1898 cum
901 1841 1063 1900 liberorum
1092 1839 1287 1916 procreatione

132 1948 278 2006 artissime
303 1949 495 2008 coniunctum
533 1951 632 2008 fuisse.
682 1951 730 2008 Ad
754 1951 844 2019 idem,
875 1968 937 2008 non
969 1949 1067 2006 solum
1096 1949 1137 2006 ad
1165 1962 1287 2023 agrotum

132 2055 324 2124 fertilitatem,
351 2067 502 2130 spectasse
527 2057 747 2131 phaiiophoria,
762 2051 788 2133 4)
812 2075 889 2130 quae
914 2056 944 2113 in
969 2055 1081 2113 Bacchi
1106 2055 1249 2113 honorem
1274 2069 1287 2108 a

131 2163 280 2221 veteribus
305 2164 479 2240 agebantur,
504 2173 565 2222 tam
590 2164 779 2222 manifestum
804 2172 857 2232 est,
877 2173 907 2220 ut
930 2162 961 2220 in
978 2181 1015 2220 ea
1039 2181 1069 2221 re
1086 2161 1199 2220 diutius
1222 2176 1285 2218 cont·

132 2271 242 2328 morari
266 2289 327 2328 non
352 2290 475 2330 necesse
499 2271 544 2329 sit.

239 2379 371 2437 Maxime
395 2389 494 2437 autem
518 2379 561 2436 vis
578 2379 718 2455 nuptialis
732 2377 843 2436 Bacchi
868 2378 964 2436 elucet
981 2395 1016 2434 ex
1034 2377 1097 2436 eius
1122 2373 1285 2453 cognomine

133 2477 294 2568 ύμενήϊος,
313 2488 395 2562 quod
419 2487 544 2563 legimus
562 2486 591 2543 in
616 2487 727 2561 hymno
752 2484 933 2542 abecedario
957 2485 1037 2541 facto
1063 2484 1103 2542 ad
1138 2477 1286 2542 similitudi·

135 2663 348 2671 -—-—--—-—--

241 2785 261 2854 ¹)
281 2788 320 2841 Cs¹
340 2788 451 2846 Lobeck,
474 2789 604 2853 Aglaoph.
626 2805 650 2851 p,
670 2787 731 2846 646,

242 2875 263 2943 λ)
283 2878 358 2932 Ovid¹
379 2886 437 2932 met,
457 2879 483 2926 lll
503 2896 526 2932 v,
547 2880 597 2941 336

231 2967 379 3024 Naxon,
413 2967 464 3015 ait
492 2968 625 3034 Liber,
657 2982 785 3015 cursus
813 2963 1007 3013 advortite
1036 2971 1207 3024 nostros,

232 3056 308 3105 ltla
335 3057 422 3104 mihi
451 3057 576 3104 domus
604 3065 665 3110 est,

240 3146 353 3209 Hesych.
375 3163 395 3200 s,
415 3162 438 3199 v,
459 3142 561 3204 Νάξος·
582 3142 638 3214 ἱερά
659 3141 795 3198 Διονύσου.
1107 3206 1110 3211 q

243 3234 264 3301 ³)
284 3235 404 3298 Stephan,
423 3236 482 3298 Byz¹
502 3252 522 3290 s,
541 3253 564 3289 v,
585 3230 686 3293 Νάξος·
706 3228 895 3296 Ἀσκληπιάδης
914 3233 1012 3299 ἱστορεῖ
1030 3226 1077 3287 τάς
1096 3231 1199 3289 Ναξίας
1216 3225 1286 3297 γοντα

136 3343 184 3382 κας
201 3322 287 3395 μόνας
306 3321 445 3394 ὀκτάμηνα
466 3332 564 3374 τίκτειν
583 3322 598 3387 ἢ
619 3320 664 3374 dui
684 3320 711 3373 τὸ
731 3320 780 3386 τήν
795 3319 883 3390 Ἥραν
909 3321 992 3389 ηίλην
1016 3323 1167 3390 γινομένην
1192 3323 1228 3388 rigi
1245 3321 1287 3366 Att-

136 3412 206 3485 νύσηι
226 3418 283 3472 ταῖς
302 3416 414 3474 Ναξίαις
434 3419 510 3465 τοῦτο
529 3413 618 3482 ιλιῦρον
637 3416 792 3482 παρασχεῖν,
813 3409 830 3475 ἢ
848 3409 891 3462 ὅτι
910 3412 953 3462 καὶ
973 3406 1053 3467 αὐτὸς
1079 3406 1093 3460 ὃ
1114 3406 1241 3464 Διόνυσος
1259 3396 1287 3453 ά·

136 3523 188 3562 τως
206 3505 313 3574 ἐτέχθη,

243 3592 263 3658 ⁴)
283 3596 351 3650 Suid
371 3612 391 3649 s,
411 3612 434 3649 v,
457 3593 571 3643 Φαλλοί·
592 3593 695 3642 αἰδοῖον
713 3588 838 3642 σύκινονΙ
860 3587 1017 3659 ὕστερονδὲ
1037 3588 1066 3639 ἐκ
1086 3584 1227 3658 δερμάτων
1248 3583 1289 3650 ἔρι’·

138 3689 224 3753 ι’ίρων,
256 3690 345 3754 σχῆμα
373 3685 477 3734 αἰδοίου
492 3686 596 3753 ἔχοντες
615 3680 748 3750 άνείρείου,
768 3682 812 3731 καὶ
831 3685 908 3731 τοῦτο
928 3679 1030 3735 ἑαυτοῖς
1043 3682 1215 3747 περιθέμενοι
1233 3676 1257 3726 ἔν
1271 3682 1289 3719 tt

139 3777 197 3831 τοῖς
211 3771 351 3844 τραχήλοις
373 3775 416 3823 καὶ
436 3777 527 3841 με’σοις
546 3775 599 3829 τοῖς
611 3773 706 3841 μηροῖς
727 3771 890 3840 ἐξωρχωίντο
912 3764 993 3838 τιμήν
1013 3771 1050 3833 τῷ
1069 3763 1188 3836 Διονύσῳ
1208 3767 1235 3818 ἰν
1254 3760 1291 3814 τοῖς

137 3870 288 3921 Διονυσίοις
306 3861 425 3931 άμοντες.
464 3862 503 3913 Cf.
525 3862 635 3925 Hesych,
657 3877 677 3909 s.
699 3877 723 3914 v,
744 3855 870 3927 ηαλλικά,
909 3858 993 3907 Schol.
1017 3857 1047 3904 ad
1069 3856 1176 3905 Lucian.
1201 3851 1288 3912 usp·

143 3955 184 4009 τό,
223 3953 308 4008 Cosm,
328 3954 360 4002 ad
380 3954 485 4016 Gregor¹
514 3952 633 4006 Naziauz¹
665 3950 745 4014 spicil,
777 3950 851 4004 Rom,
871 3950 888 3996 ll
908 3964 933 4011 p,
957 3957 1003 4009 157
1037 3955 1061 3994 et
1090 3947 1150 4000 261,
1177 3973 1209 3983 -
1233 3943 1291 3991 Bttss·

140 4043 250 4107 hardyus
272 4044 304 4091 ad
324 4045 340 4096 1,
360 4043 376 4096 l,
392 4042 498 4090 Suidac:
530 4056 650 4089 verum
678 4040 768 4088 haec
796 4038 918 4086 omnia
958 4034 1126 4085 ψαλλοί·
1157 4031 1291 4084 atteror

138 4129 301 4183 σύκινον
329 4133 459 4199 (immo
488 4111 1291 4191 aat'ttaouttollidebent..‚‚sa1s0utn0bisvi·
1327 4180 1329 4189 Ι

137 4224 216 4289 detur,
244 4222 275 4277 cs,
303 4225 388 4277 Noun,
413 4239 477 4275 narr¹
504 4222 535 4270 ad
557 4222 664 4285 Gregor,
685 4220 735 4274 inv¹
764 4219 782 4286 l,
795 4228 837 4280 37,
863 4216 993 4283 (Appeud,
1020 4221 1111 4268 narrat,
1137 4213 1292 4261 westemuu

137 4313 232 4379 xxltt:
257 4313 360 4363 ru’doiov
378 4308 485 4371 ’ξύλινον
504 4311 532 4363 ἐκ
552 4316 694 4361 συκίνου
715 4305 791 4367 ξύλου
811 4307 954 4368 ἐπελέκησε.
992 4305 1078 4358 Αυου,
1109 4305 1180 4358 misc,
1203 4301 1292 4349 Westet·
1327 4314 1329 4319 ’

138 4422 213 4453 mauu
241 4404 282 4452 Vll
308 4420 333 4467 p,
360 4405 425 4467 348;
456 4407 590 4470 συκίνη)
618 4397 742 4469 ηάλλητι,
787 4399 826 4446 De
855 4398 925 4445 sico
950 4395 1050 4443 Baccho
1077 4410 1145 4443 sacra
1174 4392 1204 4446 cs.
1227 4389 1293 4448 Etyffl·

138 4500 225 4562 Magn,
245 4513 265 4551 s.
285 4513 308 4550 v,
331 4496 475 4564 Θρίαμβος.
