2880 4920
592 309 635 320 .-.
683 274 720 349 57
773 307 813 318 -

42 476 136 534 sacta
167 485 236 534 est
265 472 391 548 hydria
413 472 582 548 nuptiarum
613 471 800 549 symbolum3
830 472 921 528 talem
951 468 1164 556 λουτροφόρον
1194 472 1282 530 Athe·

43 583 193 642 aienses
208 577 249 664 ¹)
280 580 322 638 in
339 579 484 655 sepulcris
507 579 655 655 virginum
672 589 701 637 et
724 577 960 636 adulescentium
982 588 1172 653 praematura
1187 588 1283 636 morte

46 693 320 750 defunctorum
345 704 458 762 ponere
482 687 630 755 solebant,
648 686 761 743 seilicet
784 696 816 743 ut
839 685 882 742 illi
904 685 1025 760 nuptiis,
1044 704 1118 760 quas
1138 685 1197 743 vivi
1220 704 1282 744 non

47 809 169 858 essent
203 794 374 864 assecuti,
399 804 467 869 post
490 804 615 852 mortem
640 795 745 851 saltem
769 793 934 867 symbolice
958 794 1130 852 fruerentur.
1154 828 1194 836 -
1212 795 1282 855 Om-

47 907 105 965 nia
134 906 261 982 igitur
290 902 378 960 bene
403 901 552 976 quadrant
576 902 614 960 ad
639 902 729 959 deum
753 901 936 976 nuptialem3
960 901 1049 959 vestis
1074 912 1174 960 autem
1198 902 1282 960 Asia·

49 1015 119 1073 tica
156 1014 326 1070 fortasse
361 1027 397 1066 ea
419 1027 450 1066 re
477 1018 575 1083 potest
610 1008 762 1083 explicari,
797 1008 879 1083 quod
899 1008 1024 1099 ¹fabulae
1048 1009 1197 1083 quaedam
1222 1011 1283 1085 Hy·

51 1137 260 1181 menaeum
305 1123 424 1192 patrem
454 1115 576 1172 Tantali
608 1115 771 1190 Ascalique
806 1115 837 1173 id
868 1125 912 1173 est
942 1115 1105 1172 Asiaticum
1138 1117 1282 1175 serebant.
1327 1124 1345 1162 s*
1362 1126 1397 1145 ·²

189 1228 321 1300 Atque
338 1222 397 1280 hae
420 1232 486 1279 sunt
503 1239 617 1291 omnes,
643 1222 726 1298 quod
749 1240 805 1279 nos
823 1221 944 1296 quidem
969 1222 1107 1293 sciamus,
1125 1223 1281 1299 imagines,

59 1337 199 1415 quibus
228 1333 458 1405 Hymenaeum
481 1347 547 1387 esse
563 1330 694 1386 effictum
712 1347 766 1404 pro
790 1318 870 1387 certo
887 1327 981 1404 possit
996 1330 1146 1388 affirmari.
1163 1332 1227 1389 Iam
1245 1333 1284 1389 af·
1358 1369 1370 1393 ο

1353 1396 1363 1441 λ

56 1447 224 1504 feremus
254 1435 413 1512 imagines
438 1436 594 1510 quasdam,
623 1436 654 1492 in
678 1435 785 1510 quibus
810 1436 907 1495 deum·
933 1436 1097 1510 nuptialem
1122 1457 1285 1514 agnoscen-
1356 1448 1359 1507 ἕ

1356 1520 1360 1557 l

59 1553 146 1611 dum
177 1563 268 1607 esse
296 1553 402 1600 nostra
425 1542 568 1618 opinione
591 1561 653 1600 non
678 1543 748 1602 satis
773 1553 898 1601 constet.

198 1656 291 1714 Huc
310 1650 463 1709 referimus
480 1644 638 1709 statuam
653 1645 680 1732 ²)
704 1669 853 1709 aeneam
878 1650 1057 1708 Sardibus
1082 1663 1282 1727 repertam,

63 1785 175 1843 quam
192 1758 337 1819 Wittius
353 1758 383 1815 in
399 1758 505 1816 Bullet.
524 1759 552 1816 d.
571 1760 594 1816 Ι.
617 1762 696 1833 1832
717 1778 746 1834 p.
769 1775 827 1831 170
844 1759 923 1815 hunc
939 1757 970 1815 in
985 1759 1109 1817 modum
1126 1759 1283 1821 describit:

67 1903 251 1958 inschril'ten
285 1915 314 1963 p.
344 1898 387 1953 16:
410 1898 523 1946 Monum.
545 1897 614 1946 ined.
636 1898 669 1964 X,
693 1897 768 1957 1874.
799 1898 1002 1946 tb.XXXIV1.
1041 1898 1186 1965 Schreiber,
1214 1901 1283 1950 Ann.

68 1999 98 2046 (l.
123 1998 152 2045 1.
183 1989 308 2043 XLVIII
328 2004 354 2051 p.
381 2000 430 2050 333
457 2004 494 2053 sq.
519 1989 629 2050 Herzog,
661 1987 728 2035 arch.
756 1987 812 2050 Ztg.
845 1986 921 2054 1882,
947 2003 973 2051 p.
1010 2001 1058 2047 140
1084 2005 1122 2052 sq.
1152 2016 1184 2025 —-
1211 1990 1287 2039 Hunc

72 2099 196 2152 quoque
223 2093 330 2129 rnorem
348 2086 473 2140 spectasse
492 2077 523 2126 ad
538 2077 751 2126 matrimoniorum
783 2077 961 2133 fecunditatem
981 2079 1060 2126 elucet
1079 2095 1109 2127 ex
1127 2079 1157 2127 ils
1168 2095 1231 2143 quae
1250 2076 1282 2128 af·

82 2185 124 2226 ert
146 2169 316 2223 scholiasta
336 2167 368 2215 ad
395 2167 479 2230 Eurip.
495 2168 591 2216 Phoen.
613 2183 638 2215 v.
660 2176 710 2229 347
731 2161 845 2216 εἰώθασι
863 2162 918 2235 γάρ
938 2167 963 2216 οἱ
975 2166 1084 2216 παλαιοὶ
1103 2163 1286 2219 ἀπολούεσθαι

76 2264 121 2317 ἐπὶ
143 2265 219 2319 τοῖς
241 2257 391 2327 ἐγχωρίοις
409 2259 535 2326 ποταμοῖς
554 2257 598 2306 καὶ
617 2255 837 2324 περιρρυίνεσόυι
857 2256 1041 2325 λαμβάνοντες
1061 2252 1133 2327 όιλωρ
1159 2261 1215 2307 τῶν
1243 2274 1286 2307 ao-

78 2357 192 2424 γαμῶν
216 2347 271 2398 καὶ
291 2350 388 2414 πηγῶν
407 2346 574 2416 συμβολικῶς
599 2344 837 2396 πειιελουοιόαν
861 2342 1068 2415 εὐχόμενοι,
1103 2347 1175 2397 ἐπεὶ
1209 2349 1287 2407 ζωο.

80 2437 209 2494 ποιόν
231 2432 274 2488 τό
301 2431 394 2504 ὕδωρ
418 2436 474 2485 καὶ
500 2430 662 2504 μόνιμον.
683 2464 715 2470 -—
738 2436 1008 2483 Servaveruntmorem
1028 2435 1118 2484 Graeci
1138 2453 1213 2501 quam
1232 2438 1287 2486 reli-

83 2530 252 2596 gi0sissime
264 2541 343 2589 usque
353 2525 385 2574 ad
395 2525 461 2573 hunc
476 2526 543 2574 diem
556 2525 588 2573 cl.
602 2525 801 2574 C.Wachsmuth
812 2525 830 2573 l.
846 2526 863 2573 l.
876 2541 909 2589 p.
924 2525 967 2587 87.
983 2525 1052 2588 Guys
1066 2526 1113 2588 Ip.
1136 2527 1196 2575 226.
1211 2527 1289 2576 Ukert

89 2639 118 2686 p.
146 2632 221 2680 141.
268 2615 310 2664 De
323 2615 385 2664 mira
403 2616 591 2681 consuetudine,
612 2632 687 2681 quam
706 2615 781 2664 etlam
801 2616 868 2678 apud
886 2615 949 2664 alios
966 2615 1073 2679 populos
1091 2616 1211 2675 videmus,
1232 2633 1288 2665 nar·

87 2722 132 2760 rat
152 2704 340 2757 Wachsmuth
359 2721 385 2768 p.
410 2719 472 2757 100:
497 2707 545 2754 An
572 2706 627 2754 der
647 2705 771 2769 Quelle
792 2705 1048 2769 angelommen‚
1072 2721 1154 2755 muss
1173 2706 1219 2755 sie
1238 2705 1285 2773 (sc.

92 2796 215 2865 sponsa)
245 2793 340 2843 diese
367 2794 528 2843 seierlich
553 2796 736 2860 bengIssen
760 2794 821 2842 und
846 2795 878 2842 in
901 2794 1021 2842 hohler
1044 2795 1139 2843 Hand
1159 2811 1214 2844 aus
1239 2795 1290 2843 ihr

94 2888 272 2941 trInken3
302 2883 392 2932 daun
419 2884 504 2933 wirft
523 2885 566 2933 sie
585 2885 693 2949 einige
713 2883 922 2941 Geldstbcke,
948 2883 1028 2932 auch
1048 2884 1286 2932 verschiedene

95 2980 307 3029 Esswaaren
331 2973 361 3022 in
388 2973 536 3023 dieselbe
559 2974 685 3023 hinein.
724 2973 868 3022 Hierauf
891 2973 978 3036 folgt
1004 2973 1055 3021 ein
1079 2990 1138 3022 von
1159 2974 1288 3038 Gesang

96 3063 516 3134 begleiteterRundtanz
540 3080 589 3111 um
613 3065 663 3111 die
689 3063 820 3130 Quelle,
845 3063 907 3110 und
931 3061 1142 3112 schliesslich
1160 3063 1287 3126 schopft

100 3159 157 3208 ein
184 3153 377 3221 Jllngling,
405 3154 525 3202 dessen
548 3152 644 3201 belde
669 3153 777 3201 Eltern
803 3152 886 3200 noch
909 3152 1008 3200 leben
1026 3155 1098 3218 (παῖς
1116 3148 1286 3223 εἷμιμιῧαλής,

107 3263 172 3312 puer
193 3243 321 3310 patrimus
339 3251 364 3292 et
383 3242 532 3310 matrimus),
554 3243 608 3291 mit
632 3243 734 3292 einem
761 3242 944 3291 besonders
969 3242 1046 3291 dazu
1079 3243 1285 3293 bestimmten

105 3337 250 3387 celasse
273 3349 325 3390 aus
349 3333 457 3381 dieser
488 3334 623 3381 Wasser
645 3333 707 3381 und
742 3337 828 3396 tragt
859 3348 890 3381 es
927 3332 1011 3380 ohne
1041 3331 1094 3380 ein
1129 3333 1216 3382 Wort
1251 3350 1286 3382 zu

107 3422 285 3491 sprechen
310 3422 399 3471 nach
419 3421 488 3470 dem
507 3422 614 3470 Haase
634 3423 687 3470 des
718 3422 842 3486 jungen
868 3422 986 3469 Paares
1016 3421 1153 3489 wiliel,
1192 3437 1221 3470 es
1249 3422 1287 3470 ist

108 3531 142 3564 so
168 3513 235 3562 das
265 3510 450 3560 besonders
477 3511 601 3574 heillge
629 3511 692 3559 und
722 3510 878 3559 heilsame
907 3505 1050 3578 εἷμίλητο
1093 3506 1178 3580 νερό,
1226 3511 1288 3561 Mit

117 3604 194 3652 ihm
224 3599 443 3664 gleichzeitig
472 3600 565 3649 kehrt
595 3600 646 3648 dle
680 3617 778 3664 ganze
802 3615 1026 3663 ausgezogene
1053 3599 1287 3649 Gesellschaft

111 3691 239 3741 wieder
263 3689 345 3738 nach
370 3690 479 3739 Hause
505 3690 638 3737 zurilck.
676 3690 756 3736 Dort
785 3689 1019 3752 angelrommen
1038 3688 1172 3737 nehmen
1190 3689 1286 3738 beide

111 3781 240 3847 jungeri
263 3778 416 3829 Eheleute
440 3780 498 3828 den
522 3779 618 3827 lllund
642 3778 713 3827 voll
743 3779 847 3827 dieses
877 3778 1165 3840 unbesprochenen
1192 3780 1285 3828 Was-

113 3888 179 3923 sers
204 3869 275 3920 und
294 3868 413 3918 suchen
440 3869 504 3918 sich
528 3868 697 3917 innerhalb
721 3868 773 3917 der
792 3868 876 3916 Thr‘ir
900 3868 949 3916 des
974 3868 1103 3916 Hauses
1130 3868 1228 3917 damit
1253 3885 1287 3917 zu

114 3963 167 4011 bes
174 3959 329 4025 pritzen.
350 3985 383 3995 —
402 3958 491 4007 Parem
505 3958 662 4021 Epirotarum
682 3956 888 4006 consuetudinem
913 3956 987 4004 tradit
1005 3956 1091 4016 Ilahm
1112 3958 1197 4006 alban.
1213 3956 1284 4005 Stud.

115 4066 141 4114 p.
164 4058 227 4110 147.
267 4047 308 4096 De
326 4046 404 4096 Dacis
426 4046 458 4095 cf.
480 4046 572 4105 Sulzer,
596 4047 688 4096 Gesch.
710 4047 736 4094 d.
758 4045 882 4094 transsilv.
903 4045 968 4093 Dae.
989 4045 1013 4091 II
1032 4061 1075 4108 pp.
1098 4057 1147 4108 303
1172 4056 1196 4094 et
1222 4059 1284 4109 312.

10 4172 12 4177 -
221 4134 246 4203 ¹)
263 4136 353 4185 Pollux
372 4137 470 4199 11143;
487 4136 597 4200 Hesych.
619 4153 640 4185 s.
661 4153 685 4185 v.
708 4128 888 4204 λουτροφόρος
906 4142 930 4182 et
949 4129 1056 4198 λιβόεις;
1070 4134 1184 4183 Eustath.
1206 4134 1238 4183 ad
1252 4135 1283 4183 ll.

10 4258 17 4263 -
114 4228 199 4280 XXIII
214 4238 279 4286 1415
302 4225 335 4274 cf.
356 4226 469 4292 Dilthey‚
491 4226 522 4274 de
542 4226 730 4290 epIgrammatis
750 4223 877 4273 nonnullis
897 4223 987 4271 Graec.
1009 4239 1034 4286 p.
1057 4224 1083 4272 8.
1105 4222 1173 4289 (Ind.
1204 4224 1284 4272 schol.

16 4358 24 4365 .
115 4318 234 4383 Gotting.
260 4312 354 4383 1882);
379 4316 557 4380 Furtwlingler,
581 4315 687 4363 Samml.
709 4314 851 4380 Sabouroff,
870 4315 907 4362 rb.
928 4312 1011 4360 LVIII
1031 4321 1055 4361 et
1074 4313 1144 4371 LIX;
1167 4313 1196 4361 E.
1225 4313 1285 4361 Cur·

114 4408 158 4459 tius
175 4408 204 4458 in
224 4406 359 4454 Westerm.
380 4404 509 4453 Monatsh.
530 4404 651 4471 XXVIII,
677 4403 742 4463 1884
760 4418 786 4465 p.
808 4404 869 4453 682.

219 4491 304 4562 ¹)Cl.
326 4492 428 4562 Muller,
449 4494 521 4543 Hdb.
542 4510 568 4557 p.
592 4493 654 4541 628.

880 4579 909 4644 5.

1373 1588 1427 1617 *x*
