2880 4920
630 259 852 312 ,14-

150 440 322 521 Κέκροπος,
358 431 443 500 r‘r‘t‘lev
473 444 528 499 καὶ
562 435 663 522 διφυῆ
691 431 748 500 τὸν
781 442 933 524 Κέκροπα
971 438 1128 518 λέγεσθαι
1162 435 1178 502 ri
1204 432 1327 526 Χάραξ

150 531 255 626 φησὶν.
289 544 395 619 Neque
418 544 524 602 mirum
550 555 603 615 cst,
629 545 711 620 quod
734 545 837 622 Argivi
862 565 991 622 quoque.
1028 566 1154 622 quorum
1188 547 1218 604 in
1251 548 1324 606 urbe

141 646 230 736 Ἥρα
260 650 365 713 reluta
389 671 505 709 summa
528 652 720 711 veneratione
744 654 908 724 colebatur,
934 655 1012 712 hanc
1037 655 1156 713 laudem
1180 655 1239 712 sibi
1264 655 1323 712 vin·

149 757 251 816 dicare
275 759 472 828 conabantur,
498 759 540 817 ita
564 759 695 834 quidem,
722 769 753 817 ut
769 763 978 834 Hymenaeum
995 763 1139 838 Argivum
1163 764 1319 838 fingerent.

253 866 446 940 Amplificata
468 876 497 924 et
521 862 652 943 ornata¹)
675 868 802 926 occurrit
819 869 931 938 fabula,
951 887 1040 944 quam
1065 870 1156 926 modo
1182 869 1319 939 vidimus,

148 972 229 1047 apud
245 972 457 1048 grammaticos
481 984 510 1032 et
526 975 761 1049 tnythographos
785 975 927 1053 Latinos3
954 977 1020 1033 fons
1046 976 1189 1046 Graecus,
1209 995 1320 1052 exque

147 1079 317 1148 hauserunt,
344 1089 473 1138 aetatem
497 1099 558 1137 non
583 1081 656 1138 tulit.
704 1083 750 1138 Ac
773 1082 935 1140 coniuncta
958 1094 1026 1141 sunt
1049 1102 1116 1140 cum
1141 1085 1318 1156 Hymenaeo

148 1187 318 1245 Cereris
353 1187 563 1262 mysteria.

253 1296 343 1370 Apud
368 1306 635 1354 commentatorem
659 1296 783 1372 Vergilii
807 1297 1029 1356 Floriacensem
1046 1291 1069 1374 2)
1094 1296 1135 1355 ita
1163 1315 1195 1356 se
1227 1297 1317 1356 habet

147 1401 265 1460 tabula:
290 1396 496 1480 Hyrnerrmns
518 1397 724 1462 Atheniensis
747 1399 824 1462 culeo
838 1399 969 1480 pidelan·
985 1400 1064 1483 fnit
1080 1405 1116 1463 ni
1138 1399 1317 1464 adolescens

139 1503 250 1584 pirella
271 1509 442 1585 irritaretur.
494 1505 530 1566 Is
554 1527 622 1568 enm
644 1527 744 1570 terrum
767 1506 920 1588 cirninem
945 1506 1083 1570 nobilem
1114 1506 1181 1588 ipse
1203 1507 1315 1570 medio

145 1612 238 1675 enitet·
261 1617 348 1676 oriris
370 1612 553 1677 ndrrrnnssei
575 1615 701 1695 eirnsqne
724 1615 855 1695 nrmlius
879 1615 1084 1696 (lesnernerei,
1110 1614 1195 1694 qnod
1217 1635 1314 1678 ernnm

136 1724 274 1802 paterni,
297 1719 455 1799 sequendo
473 1720 619 1801 rinellum
643 1721 747 1782 (terrori
769 1719 998 1804 sniissueielmi.
1036 1719 1099 1784 Sed
1129 1741 1196 1783 eum
1222 1719 1313 1784 Allie-

142 1826 301 1889 niensium
317 1825 536 1889 nobilissimae
558 1827 699 1909 rumines
713 1825 890 1890 Eleusinae
907 1824 1030 1890 Cereris
1052 1847 1146 1890 suern
1159 1826 1313 1909 serenent,

141 1932 244 1996 snlnlo
269 1932 403 2000 mleeniu
421 1933 604 2013 pindarum
630 1938 742 2013 raptae
764 1938 846 2015 snni,
870 1933 954 1996 inter
977 1953 1057 2014 urreis
1080 1934 1175 1996 eiiam
1198 1933 1312 2015 Hyme-

141 2059 250 2121 nnens,
274 2041 329 2119 qni
352 2039 408 2102 illo
432 2045 573 2102 uirtutum
594 2039 705 2122 fuerat
725 2045 855 2119 seculum,
880 2045 1040 2120 iurnqnam
1057 2039 1170 2120 ninello
1203 2046 1313 2121 nemius

142 2152 192 2209 esi.
228 2145 292 2210 Seu
315 2167 384 2210 crim
397 2147 528 2226 pirri-lue
543 2147 703 2228 precedunt
722 2168 782 2227 per·
805 2147 911 2209 etruria·
929 2146 1103 2229 lonne'nqnn
1119 2151 1311 2226 portassent

140 2255 176 2317 in
210 2253 360 2316 desertam
394 2254 552 2336 maionem
585 2253 683 2316 deleti
715 2274 752 2317 ne
777 2252 916 2336 salienti
945 2273 1054 2316 somno
1084 2273 1117 2316 se
1142 2253 1312 2330 ‹leder·nnl;

141 2379 220 2440 qeins
243 2382 312 2425 enm
334 2361 500 2433 uniuersos
523 2360 689 2424 occidisset
714 2359 921 2442 Hymenaeus
950 2360 1072 2424 relictis
1100 2359 1149 2423 ibi
1180 2361 1311 2444 rimini·

141 2468 198 2532 lius
220 2466 365 2532 Allienus
386 2487 529 2532 resersus
563 2473 608 2532 est
634 2469 789 2549 petiitque
823 2489 844 2530 n
875 2468 1005 2550 eieilms,
1038 2473 1074 2531 nt
1104 2469 1134 2529 si
1163 2469 1311 2551 nim-ines,

140 2597 220 2656 qnae
253 2580 365 2656 rapine
386 2573 532 2658 juerant,
566 2575 752 2657 reclusisset,
784 2574 915 2639 dilectae
942 2575 1074 2656 nrnrlius
1111 2575 1312 2656 impetrarem

139 2703 219 2764 erreis
242 2703 310 2747 enni
326 2681 510 2765 reclusisset,
528 2688 667 2764 optatam
691 2683 727 2746 in
754 2683 994 2746 matrimonium
1009 2683 1164 2765 eiminem
1187 2682 1309 2746 nrenrit.

143 2789 234 2870 Quod
257 2791 439 2873 cornemium
463 2792 540 2871 eisin
556 2789 643 2874 sel-in
663 2788 781 2872 fnernt,
798 2789 927 2871 placuit
940 2788 1190 2855 Atheniensibus
1213 2790 1310 2852 eruni-

138 2896 197 2962 bns
218 2898 341 2978 rtnntiis
362 2897 544 2980 Hyrrrenaei
566 2918 680 2961 nomen
704 2899 859 2960 interesse.

244 3012 335 3067 Hunc
359 3011 602 3069 commentatoris
627 3011 726 3068 locum
750 3009 924 3069 Lactantius
948 3008 1089 3068 Placidus
1103 3003 1126 3093 ³)
1152 3009 1309 3084 descripsit

245 3201 265 3270 ¹)
284 3205 325 3253 De
345 3203 444 3254 fabulae
464 3204 601 3254 mutatione
621 3202 652 3258 cf,
670 3201 807 3261 Rohdium‚
831 3219 868 3266 gr,
886 3203 961 3259 Rom,
980 3219 1005 3267 p.
1024 3215 1068 3263 44,

242 3290 264 3360 ²)
282 3293 325 3342 Ad
344 3295 411 3350 Aen,
430 3293 467 3341 IV
485 3310 509 3348 v,
528 3307 561 3356 99
581 3292 612 3348 cf,
631 3292 707 3340 Thilo
726 3309 751 3357 p,
770 3291 894 3340 XXXVII
912 3308 949 3358 sq.

242 3379 262 3445 ⁸)
283 3382 325 3431 Ad
344 3381 407 3436 Stat,
428 3381 512 3430 Theb.
533 3382 571 3430 111
589 3398 613 3436 v.
637 3381 697 3445 283.
736 3381 776 3429 De
795 3381 928 3430 Lactantio
947 3379 1026 3430 Servii
1045 3379 1192 3446 Hyginique
1211 3383 1305 3446 expila·

134 3480 187 3521 tore
206 3472 238 3525 ci,
258 3470 411 3535 Scaligerum
431 3470 463 3519 ad
481 3471 573 3525 Euscb.
592 3486 617 3534 p,
641 3471 680 3526 16,
701 3497 733 3507 -
752 3471 835 3519 Etiam
861 3471 942 3534 magis
964 3487 1039 3535 quam
1065 3471 1210 3520 Lactantius
1234 3472 1305 3522 sabu-

133 3562 184 3610 lanr
204 3561 307 3610 mutavit
326 3561 435 3609 Ioannes
453 3559 485 3609 de
503 3560 591 3627 Ianua,
620 3560 771 3609 Catholicon
797 3576 818 3608 s.
839 3576 863 3614 v,
883 3559 978 3615 himen,
1004 3587 1037 3597 -
1065 3560 1305 3623 Hymenaeus

134 3649 388 3701 Atheniensis
416 3648 565 3698 iuvenis
602 3646 1072 3699 arnorecuiusdamforma
1100 3649 1221 3717 paris,
1242 3649 1303 3698 sed

133 3739 347 3789 nobilitate
375 3736 587 3800 superioris
615 3738 814 3787 inarserat.
872 3737 942 3786 Sed
969 3737 1121 3800 generis
1144 3737 1302 3801 'impari-

133 3838 211 3881 tate
239 3827 426 3891 repulsam
455 3841 586 3889 passus
619 3825 719 3875 inter
746 3825 916 3890 virgines
950 3824 1136 3890 virginali
1172 3826 1303 3877 habitu

132 3923 382 3968 conversatus
410 3923 443 3965 et
476 3930 491 3963 a
519 3915 658 3979 piratis
692 3916 792 3964 inter
826 3916 997 3980 virgines
1023 3915 1241 3979 captivatus
1269 3925 1302 3966 et

132 4008 279 4057 tandem
314 4004 370 4053 vir
409 4019 490 4052 esse
524 4003 783 4067 deprehensus
817 4004 858 4054 nd
897 4019 981 4055 suos
1014 4004 1192 4054 remissus
1226 4014 1300 4074 est,

132 4106 167 4146 ut
195 4093 1301 4161 parentibusvirginumearumsacilemnuntietveldicat

131 4187 310 4251 reditum,
350 4199 389 4232 ea
426 4189 546 4231 tamen
583 4182 685 4246 lege,
724 4189 759 4230 ut
795 4182 891 4242 eius,
922 4199 1024 4247 quarn
1054 4191 1211 4253 peteret,
1245 4186 1300 4236 uti

130 4275 313 4338 coniugio
348 4273 629 4328 concederetur,
682 4272 922 4328 Conceditur,
973 4273 1191 4323 Redduntur
1225 4277 1298 4324 vir-

131 4367 255 4431 gines,
289 4364 334 4412 lit
363 4364 431 4412 ille
459 4364 536 4413 voti
565 4364 619 4411 sui
653 4378 802 4426 compos
835 4363 940 4412 salva
976 4364 1058 4429 lege
1090 4381 1176 4413 suae
1210 4382 1297 4415 con-

129 4454 304 4503 ditionis.
