2880 4920
692 291 734 305 ...
783 275 822 334 70
870 290 910 300 ..,

327 459 373 513 Ac
396 456 531 514 videmus
555 455 652 530 primo
677 466 809 530 aspectu,
835 472 912 529 quae
937 455 1059 528 quidem
1091 473 1137 512 res
1167 453 1246 510 viros
1280 454 1388 511 doctos

219 563 258 621 ad
274 563 355 620 illam
373 563 547 638 opinionem
563 561 795 620 commoverint:
821 562 916 618 locu
930 579 961 630 s,
988 561 1019 617 in
1036 579 1096 635 quo
1114 560 1225 619 Comus
1257 571 1390 618 moratur

221 667 272 739 (ἐν
295 668 455 752 θαλάμου
479 662 602 754 θύραις
626 703 669 709 -
693 666 784 752 δηλοῖ
806 666 841 730 δὲ
864 665 906 730 τοὶ
932 665 1125 753 προπύλαια
1150 675 1306 749 νυμφίους
1328 664 1389 748 μοὶ-

220 775 263 838 la
286 775 416 853 ὀλβίους
439 775 476 840 ἐν
499 778 577 870 εὐνῇ
600 778 766 846 κεῖσθαι),
801 785 905 832 aetas
938 776 1144 850 formaque
1179 778 1272 846 (νέος,
1305 773 1392 836 cirra-

220 881 274 960 λὸς
297 892 353 946 καὶ
386 879 478 948 οὔπω
509 881 657 966 ἔφηβος),
693 883 707 939 f
714 902 777 953 ax,
812 901 982 951 corona,
1016 901 1094 957 quae
1125 881 1228 940 omnia
1259 882 1393 956 perbene

220 993 398 1066 Hymenaeo
422 991 624 1049 convenirent,
667 991 784 1047 Tamen
808 989 939 1047 dubitari
962 1008 1024 1046 non
1049 999 1156 1065 potest,
1182 988 1254 1064 quin
1279 989 1393 1046 Comus

220 1099 266 1167 sit,
293 1117 381 1172 quem
405 1099 563 1173 descripsit
586 1097 792 1155 Philostratus.
829 1097 908 1154 Nam
932 1107 963 1153 ut
987 1115 1054 1154 eam
1077 1116 1149 1166 rem,
1175 1096 1258 1170 quod
1281 1089 1394 1178 κώμου

223 1206 420 1264 instrumenta
444 1217 472 1263 et
494 1202 605 1286 κώμου
637 1204 729 1279 ipsius
763 1203 925 1279 descriptio
957 1203 1080 1261 minime
1111 1204 1150 1261 ad
1180 1205 1394 1277 Hymenaeum

224 1313 391 1396 quadrant,
429 1313 618 1383 omittamus,
653 1312 712 1367 hoc
742 1328 832 1367 unum
865 1311 955 1384 plane
988 1310 1096 1367 sufficit
1129 1309 1230 1367 facis
1264 1310 1394 1367 collo-

220 1420 421 1478 cationem
452 1418 602 1493 deique
634 1416 953 1488 lassitudinem,
988 1435 1033 1474 res
1064 1417 1095 1473 in
1128 1416 1394 1491 Como'gravissi·

219 1545 283 1585 mas
307 1545 388 1594 sane,
414 1545 482 1583 cum
506 1526 565 1583 deo
588 1523 715 1600 nuptiali
739 1524 821 1580 nullo
846 1524 938 1581 modo
962 1543 1051 1599 posse
1065 1523 1229 1599 coniungi.
1278 1525 1392 1599 Hyme-

219 1640 328 1692 naeu'm
352 1633 465 1691 scilicet
488 1633 695 1691 intellexerunt
718 1642 832 1690 veteres
856 1632 998 1701 vividum,
1017 1633 1157 1700 alacrem,
1182 1632 1304 1701 laetum,
1330 1650 1393 1688 car-

220 1758 288 1798 men
312 1740 445 1814 nuptiale
468 1741 585 1798 tinnula
608 1758 683 1797 voce
700 1749 874 1797 cantantem
898 1740 1080 1814 taedamque
1103 1739 1270 1814 legitimam
1297 1739 1391 1796 mani-

219 1847 274 1904 bus
298 1858 499 1922 quassantem.
537 1847 694 1905 Nescimus
719 1847 842 1921 quidem
865 1865 997 1916 causam,
1023 1864 1100 1921 quae
1124 1846 1191 1903 illos
1215 1846 1295 1904 viros
1320 1846 1391 1903 doc·

219 1964 265 2010 tos
289 1954 475 2030 compulerit,
501 1963 532 2011 ut
555 1953 735 2011 Philostrato
759 1955 849 2011 talem
874 1971 1003 2011 errorem
1027 1953 1216 2028 imputarent,
1248 1953 1307 2011 nisi
1337 1953 1392 2010 suit

221 2061 304 2137 quod
327 2062 386 2118 hoc
410 2061 448 2119 de
473 2061 569 2118 Como
594 2061 675 2135 apud
699 2079 790 2117 unum
813 2060 1025 2118 Philostratum
1050 2054 1231 2136 audimus.¹)

324 2170 371 2227 De
394 2169 499 2227 ceteris
524 2168 713 2244 imaginibus,
731 2169 762 2226 in
786 2168 894 2243 quibus
919 2187 957 2226 an
981 2186 1049 2226 vere
1073 2167 1111 2225 sit
1126 2168 1322 2242 Hymenaeus
1348 2169 1387 2226 ef·

218 2277 303 2334 fictus
327 2276 457 2334 dubitari
479 2285 587 2351 potest,
613 2276 731 2333 brevius
755 2275 825 2333 licet
848 2276 958 2334 dicere.

328 2384 444 2453 Clarae,
470 2401 544 2441 mus.
571 2383 609 2441 de
633 2383 738 2458 sculpt.
764 2385 807 2439 IV
831 2384 871 2457 pl.
899 2385 971 2457 650.
999 2387 1031 2443 B
1052 2401 1081 2440 n.
1112 2396 1194 2456 1504
1219 2386 1268 2456 R,
1306 2383 1391 2440 affert

219 2499 375 2548 statuam
392 2489 583 2565 Phigaliae
602 2500 787 2566 repertam
805 2489 842 2546 in
866 2508 990 2547 museo
1005 2488 1237 2556 Britannico
1260 2507 1390 2546 asserva·

218 2607 289 2667 tam,
303 2597 341 2656 de
353 2616 412 2672 qua
423 2599 503 2654 hunc
515 2597 546 2654 in
558 2598 681 2655 modum
698 2597 843 2672 loquitur:
863 2598 935 2658 cotto
951 2597 1100 2656 siotuc-
1115 2628 1157 2637 -
1164 2593 1315 2672 pourruii
1329 2591 1391 2655 e'lrn
1418 2640 1421 2645 .

217 2723 262 2765 an
284 2701 408 2765 Αυιουυ
431 2722 470 2765 ου
492 2723 537 2764 ου
559 2701 695 2783 Hymen.
744 2705 867 2762 Effictus
892 2715 936 2762 est
960 2703 1145 2772 adulescens,
1182 2703 1265 2760 cuius
1297 2703 1389 2761 sacies

218 2812 418 2888 pulcherrima
440 2812 532 2870 habet
556 2811 670 2886 aliquid
694 2811 880 2886 maestitiae3
905 2809 1044 2885 promissi
1067 2809 1168 2884 capilli
1199 2828 1314 2868 corona
1345 2829 1389 2866 or-

218 2920 281 2977 nati
304 2930 390 2994 sunt3
423 2918 548 2975 brachia
570 2929 599 2977 et
623 2937 708 2976 crura
732 2937 794 2975 non
817 2919 877 2975 iam
909 2927 1032 2976 exstant.
1080 2917 1144 2974 Nos
1168 2916 1298 2991 priorem
1322 2919 1386 2977 Cla·

219 3027 290 3084 racii
314 3025 545 3101 explicationem
570 3025 774 3100 praeferimus,
799 3044 870 3082 nam
893 3025 991 3082 vultus
1015 3024 1065 3081 ille
1089 3036 1219 3082 maestus
1250 3034 1279 3082 et
1303 3025 1388 3099 quasi

219 3133 249 3190 in
281 3133 463 3209 cogitatione
496 3131 610 3190 defixus
641 3152 702 3190 non
734 3134 875 3192 convenit
899 3135 1079 3206 Hymenaeo
1112 3134 1192 3190 laeto
1216 3133 1388 3208 nuptiarum

218 3240 342 3311 cantori,
368 3250 519 3315 spectatur
542 3250 641 3298 autem
674 3240 705 3296 in
733 3240 935 3298 celeberrimis
966 3239 1124 3315 Cupidinis
1156 3240 1260 3298 statuis
1293 3241 1388 3298 musei

219 3341 398 3425 Vaticani²l
422 3359 451 3406 et
474 3348 646 3406 Borbonici.
663 3342 687 3425 3)

325 3457 395 3513 Hoc
406 3455 475 3512 loco
488 3455 650 3513 dicendum
664 3466 708 3514 est
720 3456 810 3514 etiam
823 3456 860 3514 de
877 3456 1090 3531 pavimento
1108 3456 1267 3531 quodam
1285 3457 1388 3513 musi-

218 3580 265 3619 vo
282 3563 382 3619 colore
399 3562 530 3620 candido
547 3563 643 3637 nigro,
667 3563 749 3637 quod
767 3573 836 3621 ante
861 3563 896 3621 in
920 3564 1008 3621 villa
1032 3563 1170 3621 domini
1194 3563 1388 3622 Laurentii

220 3669 1389 3746 CorsiniextraportamSt.PancratiiinViaAurelia,nunc

219 3777 340 3854 ignotae
368 3777 447 3835 sedis
472 3773 554 3854 est4)
577 3777 723 3836 Videmus
740 3778 770 3834 in
787 3777 838 3834 illo
856 3778 1013 3836 Plutonem
1030 3777 1060 3834 in
1076 3795 1162 3834 curru
1178 3776 1389 3852 Proserpinam

220 3884 259 3942 ad
271 3883 380 3942 inferos
394 3883 574 3962 rapientem3
588 3883 669 3941 iuxta
679 3902 796 3941 currum
809 3885 908 3941 efficta
921 3893 965 3941 est
975 3884 1070 3960 figura
1084 3883 1229 3954 iuvenilis,
1244 3884 1328 3941 cuius
1346 3903 1389 3943 se·

327 4107 923 4180 ¹>Vid.etPhilost1-.1mag.124Av‹lpan

329 4197 349 4266 ²)
369 4201 496 4267 Bouillon
519 4217 581 4249 mus.
603 4202 669 4263 Ipl.
694 4211 735 4263 15.

330 4288 351 4356 ³)
372 4290 449 4339 Mus.
458 4291 613 4339 B.orbonV
616 4292 682 4339 l.tb
705 4301 747 4352 25.
805 4336 809 4347 ,

327 4377 512 4448 ⁴)Delineavit
541 4380 589 4429 hoc
615 4397 677 4444 opus
696 4380 807 4447 Bartoli,
829 4379 864 4443 gli
883 4388 935 4429 ant.
957 4380 1062 4444 sepolcri
1091 4398 1116 4428 n.
1143 4391 1185 4442 17;
1223 4381 1275 4428 vid.
1304 4383 1390 4431 Mont-

220 4471 319 4537 sareon,
343 4473 377 4520 A.
397 4471 427 4518 E.
451 4471 468 4518 t
490 4471 525 4534 pl.
546 4471 621 4528 x111;
646 4472 758 4521 Gronov.
780 4471 843 4522 thes.
866 4471 944 4536 antiq.
967 4471 1011 4520 Gr.
1033 4471 1084 4519 vol.
1108 4472 1157 4519 XII
1175 4473 1213 4520 tb.
1238 4482 1278 4533 17.
