2880 4920
701 217 921 274 --66-

224 412 331 490 quihus
362 416 516 474 Vulcanus
548 425 577 474 et
601 415 738 473 Minerva
769 425 799 473 et
838 424 979 490 quattuor
1001 416 1109 473 Horae
1144 415 1226 474 dona
1248 413 1398 490 nuptialia

225 523 359 581 afferunt.
408 524 578 599 Sequuntur
607 541 681 599 puer
712 522 835 581 vestitus
859 523 956 580 facem
980 523 1066 597 quasi
1090 522 1162 581 ludo
1186 522 1319 580 intentus
1343 532 1397 580 ter·

224 647 287 686 ram
311 609 411 689 versus
434 640 541 689 tenens
565 640 594 688 et
618 629 796 688 adulescens
820 638 990 699 coronatus
1008 629 1143 688 Asiatica
1165 640 1249 688 veste
1264 628 1395 698 indutus

224 735 352 816 sinistra
373 739 485 808 facem,
510 737 634 796 dextera
664 737 801 811 hydriam
831 737 948 813 ferens3
972 746 1041 813 post
1064 755 1132 795 eum
1157 736 1287 813 Cupid0‚
1314 736 1396 811 quod

224 863 283 903 nos
307 863 539 921 cognoscamus
564 845 653 903 deam
677 845 746 902 loco
770 861 891 902 movere
914 844 1022 903 studet.

328 953 595 1012 Winckelmannus
619 951 732 1027 primus
755 951 805 1009 hic
828 951 947 1026 nuptias
964 952 1046 1010 Pelei
1070 961 1103 1010 et·
1114 952 1255 1011 Thetidis
1280 953 1395 1012 effictas

224 1079 290 1121 esse
313 1060 389 1119 vidit
424 1070 623 1135 quattuorque
647 1059 773 1118 feminas
797 1060 907 1130 Horas
933 1077 1057 1135 puerum
1083 1062 1267 1136 Hesperum,
1293 1063 1395 1121 adule-

221 1177 354 1226 scentem
385 1168 595 1242 Hymenaeum
619 1166 753 1236 vocavit,
785 1184 876 1241 quam
900 1167 1007 1224 summi
1034 1166 1089 1224 viri
1117 1167 1395 1243 interpretationem

221 1277 316 1333 solam
340 1293 406 1334 esse
429 1284 541 1333 rectam
564 1273 653 1331 nobis
676 1291 851 1348 persuasum
883 1283 936 1331 est.
983 1274 1114 1333 Pertinet
1138 1275 1177 1334 ad
1200 1294 1256 1334 nos
1279 1277 1340 1334 hoc
1364 1277 1395 1334 in

220 1381 393 1458 anaglypho
428 1382 609 1440 adulescens
644 1380 694 1438 ille
732 1391 893 1439 coronatus
924 1382 1020 1440 facem
1051 1382 1249 1458 hydriamque
1276 1394 1393 1455 tenenS,

220 1508 310 1566 quern
333 1508 389 1548 nos
413 1507 534 1565 quoque
558 1489 769 1564 Hymenaeum
793 1506 859 1547 esse
882 1507 1048 1547 censemus.
1096 1492 1136 1547 At
1168 1491 1218 1548 alii
1250 1491 1325 1549 alias
1353 1491 1393 1549 de

220 1615 256 1656 eo
280 1597 467 1674 protulerunt
497 1595 674 1671 opiniones:
707 1596 809 1670 Zoega
849 1595 929 1654 enirn
959 1595 1043 1653 illurn
1085 1575 1248 1672 appellavit
1279 1599 1393 1658 Pelei

218 1723 379 1775 servum,
405 1703 505 1762 Millin
529 1713 558 1762 et
580 1703 722 1761 Panofka
737 1698 761 1782 ¹)
786 1703 968 1760 Comum:
994 1721 1068 1778 quas
1093 1705 1168 1763 duas
1193 1705 1392 1781 interpretati·

218 1830 291 1871 ones
321 1812 382 1870 iam
414 1811 558 1869 Wieseler
587 1810 651 1868 iure
684 1810 837 1880 refutavit,
863 1811 913 1886 qui
938 1811 1012 1887 ipse,
1038 1831 1106 1870 curn
1138 1823 1220 1871 veste
1244 1813 1390 1885 Asiatica,

217 1937 278 1995 qua
302 1919 428 1977 amictus
452 1927 497 1976 est
521 1917 708 1988 adulescens,
734 1918 953 1990 offenderetur,
987 1938 1098 1978 novam
1130 1921 1296 1995 proposuit.
1345 1924 1392 1980 Ac

216 2027 333 2102 putavit
355 2026 405 2085 ille
430 2025 552 2101 quidem
575 2025 695 2101 nuptias
730 2023 863 2084 Cadmi
898 2027 1233 2102 Harmoniaeque
1268 2030 1392 2106 anagly-

215 2135 277 2210 pho
328 2134 461 2203 effictas,
495 2132 734 2192 vadulescentem
784 2143 884 2192 autern
922 2153 988 2193 esse
1027 2153 1179 2193 servum
1217 2137 1265 2194 vel
1305 2139 1392 2195 ami-

216 2259 292 2299 cum
322 2238 471 2311 Cadmi,
497 2240 548 2316 qui
571 2251 653 2299 veste
676 2259 731 2327 sua
747 2241 1077 2318 peregrinamdomini
1101 2242 1249 2318 originem
1265 2244 1391 2303 demon·

216 2359 295 2408 stret.
342 2351 382 2406 At
411 2348 435 2407 si
468 2349 528 2407 tale
568 2348 640 2423 quid
660 2349 769 2428 artifex
793 2349 958 2425 exprimere
982 2351 1089 2421 voluit,
1115 2351 1214 2427 potius
1239 2350 1390 2410 Cadmum

215 2455 313 2532 ipsum
336 2456 379 2513 ita
401 2454 539 2514 vestitum
562 2455 714 2532 finxisset3
738 2456 801 2514 eius
825 2457 906 2515 enim
930 2466 1028 2516 aetate
1051 2457 1181 2517 iamdiu
1204 2475 1277 2516 esse.
1293 2458 1389 2518 desie-

215 2574 281 2622 rant
304 2564 373 2622 illae
396 2562 467 2622 artis
490 2563 582 2638 legeS,
615 2563 723 2638 quibus
747 2565 932 2640 Polygnotus
946 2559 970 2643 ς3)
1004 2566 1159 2641 quondam
1190 2567 1389 2624 Memnonem

213 2688 276 2729 non
301 2671 386 2729 aliter
408 2669 553 2728 indicavit
576 2686 676 2746 regem
697 2670 881 2747 Aethiopum
904 2672 962 2729 nisi
986 2690 1103 2731 servum
1119 2673 1303 2748 Aethiopem
1327 2673 1388 2732 iux-

214 2789 246 2838 ta
270 2796 338 2837 eum
363 2777 516 2853 ponende.

321 2885 432 2943 Nostra
463 2883 607 2959 opinione
635 2885 709 2944 nihil
740 2886 840 2945 obstat
870 2886 1063 2963 explicationi
1094 2906 1113 2945 a
1136 2887 1389 2945 Winckelmanno

215 2992 407 3068 propositae:
437 2991 573 3050 videmus
608 2991 639 3050 in
672 2992 864 3052 adulescente
895 2994 947 3052 illo
980 2994 1178 3070 legitimarum
1214 2995 1387 3070 nuptiarum

215 3099 354 3176 insignia,
380 3117 525 3159 coronam
550 3108 579 3157 et
602 3101 708 3169 facem,
737 3101 845 3175 quihus
870 3102 975 3160 addita
998 3113 1043 3161 est
1066 3102 1172 3178 hydria
1195 3121 1257 3160 non
1289 3103 1388 3161 minus

216 3226 307 3282 quarn
336 3208 407 3266 illae
437 3217 577 3283 spectans
617 3207 657 3266 ad
690 3207 824 3283 legitima
862 3209 1062 3269 matrimonia.
1116 3210 1279 3269 Petebatur
1307 3211 1388 3268 enim

216 3325 286 3373 ante
309 3315 390 3391 ipsas
413 3315 533 3390 nuptias
564 3333 618 3390 per
644 3315 852 3391 lutrophorum
883 3317 1069 3393 comitesque
1101 3318 1239 3376 sollemni
1273 3337 1389 3395 pompa

168 3416 173 3427 '
216 3440 252 3480 ex
276 3423 358 3482 fonte
381 3441 456 3499 puro
480 3440 569 3497 aqua,
595 3441 655 3498 qua
682 3424 854 3483 lavarentur
884 3423 1014 3501 sponsus
1048 3442 1229 3502 sponsaque,
1246 3418 1273 3510 Β)
1305 3427 1388 3486 unde

324 3633 345 3704 ¹)
363 3636 435 3685 Idem
463 3635 514 3684 alio
539 3634 596 3682 loco
622 3632 712 3699 (Rech.
734 3651 774 3683 sur
791 3635 828 3685 les
847 3653 920 3686 noms
938 3637 1010 3687 verit.
1031 3645 1079 3687 etc.
1100 3653 1126 3702 p.
1148 3636 1175 3704 8)
1201 3636 1388 3686 adulescentem

216 3727 316 3776 vocavit
334 3719 533 3795 λουτροφόρον;
552 3723 597 3773 sed
609 3723 676 3772 hanc
694 3739 793 3789 quoque
811 3726 1005 3788 explicationem
1024 3742 1078 3776 esse
1096 3725 1247 3775 reiciendam
1265 3735 1333 3776 recte
1347 3726 1388 3774 -vi·

218 3816 306 3866 derunt
324 3815 426 3864 Wittius
444 3821 469 3863 et
489 3813 676 3870 Overbeckius;
697 3822 754 3862 sunt
773 3815 840 3863 enim
860 3823 957 3879 praeter
974 3832 1094 3880 sponsum
1112 3832 1282 3882 sponsamque
1301 3833 1388 3881 perso·

217 3921 264 3954 nae
284 3905 308 3953 in
328 3903 472 3968 anaglypho
490 3902 587 3952 effictae
607 3918 694 3952 omnes
714 3902 823 3963 divinae,
846 3912 875 3953 ut
896 3905 1001 3954 minime
1027 3905 1160 3955 verisimile
1179 3907 1211 3954 sit
1236 3905 1263 3954 in
1291 3922 1390 3971 pompa

218 3995 322 4043 deorum
340 3994 470 4043 hominem
489 4009 542 4042 esse
561 4001 781 4057 repraesentatum.

325 4080 347 4151 ²)
366 4084 473 4132 Pausan.
494 4083 519 4131 X
530 4092 573 4150 31,
588 4093 616 4145 7:
639 4079 712 4153 παρά
733 4083 762 4134 δὲ
780 4102 814 4154 τῳ
834 4082 959 4154 Μέμνονι
977 4084 1021 4134 καὶ
1040 4085 1103 4143 nni}
1121 4085 1227 4150 Aietou
1245 4090 1388 4150 πεποίηται

217 4168 330 4244 γυμνός,
343 4169 386 4223 ὅτι
403 4168 551 4242 ὄΜέμνων
567 4169 691 4239 βασιλεύς
710 4166 744 4236 ἢν
762 4177 811 4224 τοῦ
822 4171 967 4225 Αἰθιόπων
985 4178 1087 4242 γένους,
1107 4174 1167 4223 Vid.
1179 4174 1257 4223 etiam
1272 4191 1317 4224 vas
1336 4174 1389 4240 pic'-

171 4284 173 4288 ⁴
221 4273 272 4313 tum
283 4260 411 4312 Amasidis
420 4263 486 4327 apud
498 4263 665 4312 Gerhardium
675 4264 709 4311 A.
721 4263 781 4312 Vas.
791 4264 829 4311 III
840 4275 890 4325 207
908 4272 932 4313 et
945 4279 990 4312 vas
999 4263 1114 4312 Orestem
1123 4263 1197 4328 Argis
1211 4263 1390 4316 advenientem

218 4352 547 4420 exhibenS.(Rochette‚M.
558 4351 624 4416 1.p1.
636 4364 670 4415 34
678 4367 704 4414 p.
717 4350 867 4419 159sq.)Cf.
875 4353 997 4420 Foerster,
1006 4351 1177 4417 d.Physiogn.
1185 4353 1212 4401 d.
1220 4352 1299 4403 Grch.
1307 4371 1334 4420 p.
1346 4366 1388 4417 17.

325 4437 346 4507 ⁸)
367 4440 408 4490 Cf.
440 4456 466 4505 p.
495 4453 526 4500 14
553 4448 607 4490 not.
639 4453 663 4498 1;
692 4440 723 4488 E.
753 4440 863 4501 Curtius,
899 4442 944 4491 nb.
977 4440 1070 4506 griech.
1093 4441 1181 4504 Quell-
1206 4457 1232 4492 u.
1256 4443 1390 4496 Brunneu·
