<?xml version="1.0" encoding="UTF-8"?>
<!DOCTYPE html PUBLIC "-//W3C//DTD XHTML 1.0 Transitional//EN"
    "http://www.w3.org/TR/xhtml1/DTD/xhtml1-transitional.dtd">
<html xmlns="http://www.w3.org/1999/xhtml" xml:lang="en" lang="en">
 <head>
  <title>
</title>
<meta http-equiv="Content-Type" content="text/html;charset=utf-8" />
  <meta name='ocr-system' content='tesseract 3.04.00' />
  <meta name='ocr-capabilities' content='ocr_page ocr_carea ocr_par ocr_line ocrx_word'/>
</head>
<body>
  <div class='ocr_page' id='page_1' title='image "./dehymenaeoettal00schmgoog_0044.png"; bbox 0 0 2910 4906; ppageno 0'>
   <div class='ocr_carea' id='block_1_1' title="bbox 619 287 840 344">
    <p class='ocr_par' dir='ltr' id='par_1_1' title="bbox 619 287 840 344">
     <span class='ocr_line' id='line_1_1' title="bbox 619 287 840 344; baseline 0.005 -32"><span class='ocrx_word' id='word_1_1' title='bbox 619 287 840 344; x_wconf 58' lang='lat'>„37-</span> 
     </span>
    </p>
   </div>
   <div class='ocr_carea' id='block_1_2' title="bbox 144 461 1312 543">
    <p class='ocr_par' dir='ltr' id='par_1_2' title="bbox 144 461 1312 543">
     <span class='ocr_line' id='line_1_2' title="bbox 144 461 1312 543; baseline 0 -20"><span class='ocrx_word' id='word_1_2' title='bbox 144 476 270 524; x_wconf 89' lang='lat' dir='ltr'>crocota</span> <span class='ocrx_word' id='word_1_3' title='bbox 283 467 345 524; x_wconf 89' lang='lat' dir='ltr'>sive</span> <span class='ocrx_word' id='word_1_4' title='bbox 358 475 481 524; x_wconf 88' lang='lat' dir='ltr'>crocuta</span> <span class='ocrx_word' id='word_1_5' title='bbox 492 465 612 524; x_wconf 91' lang='lat' dir='ltr'>indutus</span> <span class='ocrx_word' id='word_1_6' title='bbox 625 461 830 543; x_wconf 85' lang='lat' dir='ltr'>fingebatur,¹)</span> <span class='ocrx_word' id='word_1_7' title='bbox 843 466 1059 542; x_wconf 88' lang='lat' dir='ltr'>quamobrem</span> <span class='ocrx_word' id='word_1_8' title='bbox 1072 465 1229 525; x_wconf 86' lang='lat' dir='ltr'>histriones</span> <span class='ocrx_word' id='word_1_9' title='bbox 1239 467 1312 524; x_wconf 88' lang='lat' dir='ltr'>Bac·</span> 
     </span>
    </p>
   </div>
   <div class='ocr_carea' id='block_1_3' title="bbox 143 567 1314 985">
    <p class='ocr_par' dir='ltr' id='par_1_3' title="bbox 143 567 1314 985">
     <span class='ocr_line' id='line_1_3' title="bbox 144 567 1311 651; baseline 0.002 -21"><span class='ocrx_word' id='word_1_10' title='bbox 144 575 195 630; x_wconf 91' lang='lat' dir='ltr'>chi</span> <span class='ocrx_word' id='word_1_11' title='bbox 213 584 311 648; x_wconf 88' lang='lat' dir='ltr'>partes</span> <span class='ocrx_word' id='word_1_12' title='bbox 328 573 359 630; x_wconf 90' lang='lat' dir='ltr'>in</span> <span class='ocrx_word' id='word_1_13' title='bbox 375 591 485 631; x_wconf 83' lang='lat' dir='ltr'>scaena</span> <span class='ocrx_word' id='word_1_14' title='bbox 502 584 624 648; x_wconf 83' lang='lat' dir='ltr'>agentes</span> <span class='ocrx_word' id='word_1_15' title='bbox 641 574 748 631; x_wconf 91' lang='lat' dir='ltr'>eadem</span> <span class='ocrx_word' id='word_1_16' title='bbox 765 574 923 632; x_wconf 87' lang='lat' dir='ltr'>utebantur</span> <span class='ocrx_word' id='word_1_17' title='bbox 938 567 1058 651; x_wconf 80' lang='lat' dir='ltr'>veste.²)</span> <span class='ocrx_word' id='word_1_18' title='bbox 1071 574 1148 632; x_wconf 92' lang='lat' dir='ltr'>Cum</span> <span class='ocrx_word' id='word_1_19' title='bbox 1161 584 1260 632; x_wconf 92' lang='lat' dir='ltr'>autem</span> <span class='ocrx_word' id='word_1_20' title='bbox 1272 573 1311 632; x_wconf 87' lang='lat' dir='ltr'>ab</span> 
     </span>
     <span class='ocr_line' id='line_1_4' title="bbox 143 680 1311 756; baseline 0.001 -18"><span class='ocrx_word' id='word_1_21' title='bbox 143 681 199 738; x_wconf 90' lang='lat' dir='ltr'>illo</span> <span class='ocrx_word' id='word_1_22' title='bbox 222 680 312 738; x_wconf 93' lang='lat' dir='ltr'>totius</span> <span class='ocrx_word' id='word_1_23' title='bbox 336 698 464 738; x_wconf 83' lang='lat' dir='ltr'>scaenae</span> <span class='ocrx_word' id='word_1_24' title='bbox 487 680 570 756; x_wconf 86' lang='lat' dir='ltr'>origo</span> <span class='ocrx_word' id='word_1_25' title='bbox 595 680 767 750; x_wconf 87' lang='lat' dir='ltr'>traheretur,</span> <span class='ocrx_word' id='word_1_26' title='bbox 796 700 899 739; x_wconf 91' lang='lat' dir='ltr'>omnes</span> <span class='ocrx_word' id='word_1_27' title='bbox 923 681 1081 738; x_wconf 85' lang='lat' dir='ltr'>histriones</span> <span class='ocrx_word' id='word_1_28' title='bbox 1106 681 1191 739; x_wconf 91' lang='lat' dir='ltr'>luteis</span> <span class='ocrx_word' id='word_1_29' title='bbox 1215 681 1311 739; x_wconf 91' lang='lat' dir='ltr'>soccis</span> 
     </span>
     <span class='ocr_line' id='line_1_5' title="bbox 146 781 1314 865; baseline 0.001 -20"><span class='ocrx_word' id='word_1_30' title='bbox 146 788 190 845; x_wconf 91' lang='lat' dir='ltr'>uti</span> <span class='ocrx_word' id='word_1_31' title='bbox 227 788 377 858; x_wconf 87' lang='lat' dir='ltr'>solebant,</span> <span class='ocrx_word' id='word_1_32' title='bbox 407 788 438 846; x_wconf 91' lang='lat' dir='ltr'>id</span> <span class='ocrx_word' id='word_1_33' title='bbox 470 788 552 863; x_wconf 94' lang='lat' dir='ltr'>quod</span> <span class='ocrx_word' id='word_1_34' title='bbox 583 806 619 846; x_wconf 86' lang='lat' dir='ltr'>ex</span> <span class='ocrx_word' id='word_1_35' title='bbox 648 787 828 863; x_wconf 85' lang='lat' dir='ltr'>imaginibus</span> <span class='ocrx_word' id='word_1_36' title='bbox 859 788 1003 865; x_wconf 85' lang='lat' dir='ltr'>cognosci</span> <span class='ocrx_word' id='word_1_37' title='bbox 1026 797 1133 862; x_wconf 90' lang='lat' dir='ltr'>potest.</span> <span class='ocrx_word' id='word_1_38' title='bbox 1149 781 1172 864; x_wconf 77' lang='lat'>³)</span> <span class='ocrx_word' id='word_1_39' title='bbox 1217 789 1314 846; x_wconf 88' lang='lat' dir='ltr'>Lutea</span> 
     </span>
     <span class='ocr_line' id='line_1_6' title="bbox 144 890 1312 985; baseline 0.001 -33"><span class='ocrx_word' id='word_1_40' title='bbox 144 904 229 953; x_wconf 83' lang='lat' dir='ltr'>veste</span> <span class='ocrx_word' id='word_1_41' title='bbox 253 895 343 953; x_wconf 91' lang='lat' dir='ltr'>etiam</span> <span class='ocrx_word' id='word_1_42' title='bbox 367 896 492 954; x_wconf 89' lang='lat' dir='ltr'>comites</span> <span class='ocrx_word' id='word_1_43' title='bbox 516 895 636 964; x_wconf 91' lang='lat' dir='ltr'>Bacchi,</span> <span class='ocrx_word' id='word_1_44' title='bbox 663 895 779 985; x_wconf 73' lang='lat' dir='ltr'>Silenus</span> <span class='ocrx_word' id='word_1_45' title='bbox 792 890 817 972; x_wconf 67' lang='lat'>⁴)</span> <span class='ocrx_word' id='word_1_46' title='bbox 842 896 998 970; x_wconf 85' lang='lat' dir='ltr'>Satyrique</span> <span class='ocrx_word' id='word_1_47' title='bbox 1014 894 1228 969; x_wconf 83' lang='lat' dir='ltr'>circumvagari</span> <span class='ocrx_word' id='word_1_48' title='bbox 1251 912 1312 953; x_wconf 90' lang='lat' dir='ltr'>cre·</span> 
     </span>
    </p>
   </div>
   <div class='ocr_carea' id='block_1_4' title="bbox 143 1002 1312 2052">
    <p class='ocr_par' dir='ltr' id='par_1_4' title="bbox 143 1002 1312 2052">
     <span class='ocr_line' id='line_1_7' title="bbox 144 1002 1311 1078; baseline 0 -18"><span class='ocrx_word' id='word_1_49' title='bbox 144 1002 304 1072; x_wconf 85' lang='lat' dir='ltr'>debantur,</span> <span class='ocrx_word' id='word_1_50' title='bbox 329 1003 450 1078; x_wconf 88' lang='lat' dir='ltr'>quade</span> <span class='ocrx_word' id='word_1_51' title='bbox 474 1021 565 1060; x_wconf 88' lang='lat' dir='ltr'>causa</span> <span class='ocrx_word' id='word_1_52' title='bbox 588 1002 618 1059; x_wconf 92' lang='lat' dir='ltr'>in</span> <span class='ocrx_word' id='word_1_53' title='bbox 642 1021 754 1078; x_wconf 88' lang='lat' dir='ltr'>pompa</span> <span class='ocrx_word' id='word_1_54' title='bbox 782 1003 833 1061; x_wconf 86' lang='lat' dir='ltr'>illa</span> <span class='ocrx_word' id='word_1_55' title='bbox 864 1023 882 1062; x_wconf 91' lang='lat' dir='ltr'>a</span> <span class='ocrx_word' id='word_1_56' title='bbox 911 1004 1085 1061; x_wconf 87' lang='lat' dir='ltr'>Ptolemaeo</span> <span class='ocrx_word' id='word_1_57' title='bbox 1113 1002 1311 1077; x_wconf 88' lang='lat' dir='ltr'>Philadelpho</span> 
     </span>
     <span class='ocr_line' id='line_1_8' title="bbox 144 1108 1312 1168; baseline 0 -2"><span class='ocrx_word' id='word_1_58' title='bbox 144 1110 348 1168; x_wconf 86' lang='lat' dir='ltr'>Alexandriae</span> <span class='ocrx_word' id='word_1_59' title='bbox 378 1110 409 1168; x_wconf 91' lang='lat' dir='ltr'>in</span> <span class='ocrx_word' id='word_1_60' title='bbox 432 1110 543 1168; x_wconf 87' lang='lat' dir='ltr'>Bacchi</span> <span class='ocrx_word' id='word_1_61' title='bbox 574 1111 718 1168; x_wconf 92' lang='lat' dir='ltr'>honorem</span> <span class='ocrx_word' id='word_1_62' title='bbox 749 1110 882 1168; x_wconf 88' lang='lat' dir='ltr'>instituta</span> <span class='ocrx_word' id='word_1_63' title='bbox 916 1111 1048 1168; x_wconf 88' lang='lat' dir='ltr'>colorem</span> <span class='ocrx_word' id='word_1_64' title='bbox 1079 1127 1218 1167; x_wconf 89' lang='lat' dir='ltr'>croceum</span> <span class='ocrx_word' id='word_1_65' title='bbox 1249 1108 1312 1166; x_wconf 89' lang='lat' dir='ltr'>sive</span> 
     </span>
     <span class='ocr_line' id='line_1_9' title="bbox 144 1209 1312 1294; baseline -0.001 -21"><span class='ocrx_word' id='word_1_66' title='bbox 144 1235 327 1292; x_wconf 86' lang='lat' dir='ltr'>purpureum</span> <span class='ocrx_word' id='word_1_67' title='bbox 350 1216 442 1293; x_wconf 82' lang='lat' dir='ltr'>(idem</span> <span class='ocrx_word' id='word_1_68' title='bbox 465 1218 526 1275; x_wconf 83' lang='lat' dir='ltr'>fere</span> <span class='ocrx_word' id='word_1_69' title='bbox 550 1217 605 1294; x_wconf 94' lang='lat' dir='ltr'>est)</span> <span class='ocrx_word' id='word_1_70' title='bbox 629 1217 802 1292; x_wconf 88' lang='lat' dir='ltr'>saepissime</span> <span class='ocrx_word' id='word_1_71' title='bbox 826 1217 992 1275; x_wconf 87' lang='lat' dir='ltr'>adhibitum</span> <span class='ocrx_word' id='word_1_72' title='bbox 1016 1216 1164 1275; x_wconf 89' lang='lat' dir='ltr'>videmus:</span> <span class='ocrx_word' id='word_1_73' title='bbox 1180 1209 1202 1294; x_wconf 88' lang='lat'>⁵)</span> <span class='ocrx_word' id='word_1_74' title='bbox 1225 1216 1312 1273; x_wconf 89' lang='lat' dir='ltr'>vehe-</span> 
     </span>
     <span class='ocr_line' id='line_1_10' title="bbox 145 1314 1312 1409; baseline -0.003 -21"><span class='ocrx_word' id='word_1_75' title='bbox 145 1325 235 1382; x_wconf 80' lang='lat' dir='ltr'>batur</span> <span class='ocrx_word' id='word_1_76' title='bbox 258 1317 393 1406; x_wconf 73' lang='grc' dir='ltr'><em>ἄγαλμοι</em></span> <span class='ocrx_word' id='word_1_77' title='bbox 417 1319 575 1388; x_wconf 70' lang='grc' dir='ltr'><em>Διονύσου</em></span> <span class='ocrx_word' id='word_1_78' title='bbox 606 1357 648 1365; x_wconf 95' lang='grc'>-</span> <span class='ocrx_word' id='word_1_79' title='bbox 678 1328 801 1404; x_wconf 75' lang='grc' dir='ltr'><em>χιτῶνα</em></span> <span class='ocrx_word' id='word_1_80' title='bbox 833 1327 1019 1409; x_wconf 77' lang='grc' dir='ltr'><em>πορφυροῦν</em></span> <span class='ocrx_word' id='word_1_81' title='bbox 1050 1318 1123 1404; x_wconf 66' lang='grc' dir='ltr'><em>ἕχον</em></span> <span class='ocrx_word' id='word_1_82' title='bbox 1152 1314 1312 1396; x_wconf 76' lang='grc' dir='ltr'><em>διάπεζον</em></span> 
     </span>
     <span class='ocr_line' id='line_1_11' title="bbox 143 1426 1312 1518; baseline -0.001 -26"><span class='ocrx_word' id='word_1_83' title='bbox 143 1439 202 1495; x_wconf 76' lang='grc' dir='ltr'>καὶ</span> <span class='ocrx_word' id='word_1_84' title='bbox 231 1428 283 1495; x_wconf 69' lang='grc' dir='ltr'>ἐπ’</span> <span class='ocrx_word' id='word_1_85' title='bbox 316 1430 418 1496; x_wconf 65' lang='grc' dir='ltr'><em>αὐτοῦ</em></span> <span class='ocrx_word' id='word_1_86' title='bbox 447 1428 608 1517; x_wconf 76' lang='grc' dir='ltr'><em>κροκωτόν</em></span> <span class='ocrx_word' id='word_1_87' title='bbox 636 1430 801 1514; x_wconf 75' lang='grc' dir='ltr'><em>διαφανῆ·</em></span> <span class='ocrx_word' id='word_1_88' title='bbox 834 1429 1064 1518; x_wconf 69' lang='grc' dir='ltr'>περιεβέβλητο</span> <span class='ocrx_word' id='word_1_89' title='bbox 1100 1427 1136 1492; x_wconf 78' lang='grc' dir='ltr'>δὲ</span> <span class='ocrx_word' id='word_1_90' title='bbox 1181 1426 1312 1511; x_wconf 75' lang='grc' dir='ltr'><em>ἱμάτιον</em></span> 
     </span>
     <span class='ocr_line' id='line_1_12' title="bbox 143 1535 1311 1625; baseline -0.006 -25"><span class='ocrx_word' id='word_1_91' title='bbox 143 1539 333 1624; x_wconf 72' lang='grc' dir='ltr'><em>πορφυροῦν</em></span> <span class='ocrx_word' id='word_1_92' title='bbox 379 1536 640 1625; x_wconf 78' lang='grc' dir='ltr'><em>χρυσοποίκιλον,</em></span> <span class='ocrx_word' id='word_1_93' title='bbox 690 1540 892 1615; x_wconf 88' lang='lat' dir='ltr'>sequebantur</span> <span class='ocrx_word' id='word_1_94' title='bbox 935 1548 1033 1596; x_wconf 89' lang='lat' dir='ltr'>autem</span> <span class='ocrx_word' id='word_1_95' title='bbox 1079 1535 1311 1595; x_wconf 87' lang='lat' dir='ltr'>innumerabiles</span> 
     </span>
     <span class='ocr_line' id='line_1_13' title="bbox 145 1644 1312 1731; baseline 0.004 -29"><span class='ocrx_word' id='word_1_96' title='bbox 145 1646 243 1719; x_wconf 89' lang='lat' dir='ltr'>Satyri</span> <span class='ocrx_word' id='word_1_97' title='bbox 267 1646 420 1721; x_wconf 88' lang='lat' dir='ltr'>Silenique</span> <span class='ocrx_word' id='word_1_98' title='bbox 448 1648 615 1731; x_wconf 73' lang='grc' dir='ltr'><em>πορφυροῖς</em></span> <span class='ocrx_word' id='word_1_99' title='bbox 644 1644 816 1729; x_wconf 76' lang='grc' dir='ltr'><em>χλαμύδας</em></span> <span class='ocrx_word' id='word_1_100' title='bbox 844 1645 1066 1729; x_wconf 74' lang='grc' dir='ltr'><em>ἠμφιεσμένοι.</em></span> <span class='ocrx_word' id='word_1_101' title='bbox 1099 1678 1141 1685; x_wconf 90' lang='grc'><strong>-</strong></span> <span class='ocrx_word' id='word_1_102' title='bbox 1173 1645 1312 1702; x_wconf 76' lang='lat' dir='ltr'>Fortasse</span> 
     </span>
     <span class='ocr_line' id='line_1_14' title="bbox 144 1753 1312 1828; baseline 0 -19"><span class='ocrx_word' id='word_1_103' title='bbox 144 1753 185 1810; x_wconf 88' lang='lat' dir='ltr'>ad</span> <span class='ocrx_word' id='word_1_104' title='bbox 207 1753 320 1810; x_wconf 88' lang='lat' dir='ltr'>Bacchi</span> <span class='ocrx_word' id='word_1_105' title='bbox 343 1754 450 1811; x_wconf 92' lang='lat' dir='ltr'>coloris</span> <span class='ocrx_word' id='word_1_106' title='bbox 475 1754 573 1811; x_wconf 88' lang='lat' dir='ltr'>crocei</span> <span class='ocrx_word' id='word_1_107' title='bbox 590 1754 719 1812; x_wconf 91' lang='lat' dir='ltr'>studium</span> <span class='ocrx_word' id='word_1_108' title='bbox 740 1772 937 1828; x_wconf 14' lang='lat' dir='ltr'>*amoremque</span> <span class='ocrx_word' id='word_1_109' title='bbox 954 1772 990 1810; x_wconf 90' lang='lat' dir='ltr'>ea</span> <span class='ocrx_word' id='word_1_110' title='bbox 1014 1769 1133 1827; x_wconf 89' lang='lat' dir='ltr'>quoque</span> <span class='ocrx_word' id='word_1_111' title='bbox 1157 1768 1203 1808; x_wconf 90' lang='lat' dir='ltr'>res</span> <span class='ocrx_word' id='word_1_112' title='bbox 1227 1768 1312 1826; x_wconf 90' lang='lat' dir='ltr'>spec·</span> 
     </span>
     <span class='ocr_line' id='line_1_15' title="bbox 144 1851 1312 1943; baseline 0.003 -26"><span class='ocrx_word' id='word_1_113' title='bbox 144 1870 197 1929; x_wconf 89' lang='lat' dir='ltr'>tat,</span> <span class='ocrx_word' id='word_1_114' title='bbox 224 1861 306 1935; x_wconf 92' lang='lat' dir='ltr'>quod</span> <span class='ocrx_word' id='word_1_115' title='bbox 329 1879 423 1936; x_wconf 88' lang='lat' dir='ltr'>genus</span> <span class='ocrx_word' id='word_1_116' title='bbox 447 1861 520 1919; x_wconf 91' lang='lat' dir='ltr'>illud</span> <span class='ocrx_word' id='word_1_117' title='bbox 555 1861 684 1919; x_wconf 89' lang='lat' dir='ltr'>hederae</span> <span class='ocrx_word' id='word_1_118' title='bbox 713 1872 834 1937; x_wconf 90' lang='lat' dir='ltr'>propter</span> <span class='ocrx_word' id='word_1_119' title='bbox 858 1879 981 1918; x_wconf 90' lang='lat' dir='ltr'>croceos</span> <span class='ocrx_word' id='word_1_120' title='bbox 1014 1859 1173 1934; x_wconf 88' lang='lat' dir='ltr'>corymbos</span> <span class='ocrx_word' id='word_1_121' title='bbox 1204 1851 1312 1943; x_wconf 80' lang='grc' dir='ltr'><em>χρυσό·</em></span> 
     </span>
     <span class='ocr_line' id='line_1_16' title="bbox 144 1958 1284 2052; baseline -0.003 -27"><span class='ocrx_word' id='word_1_122' title='bbox 144 1990 273 2052; x_wconf 79' lang='grc' dir='ltr'><em>καρπον</em></span> <span class='ocrx_word' id='word_1_123' title='bbox 296 1978 436 2026; x_wconf 87' lang='lat' dir='ltr'>vocatum</span> <span class='ocrx_word' id='word_1_124' title='bbox 461 1969 491 2026; x_wconf 89' lang='lat' dir='ltr'>in</span> <span class='ocrx_word' id='word_1_125' title='bbox 515 1968 577 2026; x_wconf 88' lang='lat' dir='ltr'>eius</span> <span class='ocrx_word' id='word_1_126' title='bbox 602 1969 791 2044; x_wconf 89' lang='lat' dir='ltr'>potissimum</span> <span class='ocrx_word' id='word_1_127' title='bbox 815 1968 1010 2026; x_wconf 89' lang='lat' dir='ltr'>sollemnibus</span> <span class='ocrx_word' id='word_1_128' title='bbox 1035 1958 1284 2042; x_wconf 53' lang='lat' dir='ltr'>adhibebaturss)</span> 
     </span>
    </p>
   </div>
   <div class='ocr_carea' id='block_1_5' title="bbox 111 2247 1368 4546">
    <p class='ocr_par' dir='ltr' id='par_1_5' title="bbox 143 2247 1313 2669">
     <span class='ocr_line' id='line_1_17' title="bbox 253 2247 1310 2316; baseline -0.004 -18"><span class='ocrx_word' id='word_1_129' title='bbox 253 2247 273 2316; x_wconf 94' lang='lat'>¹)</span> <span class='ocrx_word' id='word_1_130' title='bbox 292 2251 385 2298; x_wconf 87' lang='lat' dir='ltr'>Aescb.</span> <span class='ocrx_word' id='word_1_131' title='bbox 407 2267 448 2314; x_wconf 88' lang='lat' dir='ltr'>ap.</span> <span class='ocrx_word' id='word_1_132' title='bbox 470 2250 600 2313; x_wconf 90' lang='lat' dir='ltr'>Aristoph.</span> <span class='ocrx_word' id='word_1_133' title='bbox 621 2249 726 2298; x_wconf 84' lang='lat' dir='ltr'>Thesm.</span> <span class='ocrx_word' id='word_1_134' title='bbox 747 2267 772 2296; x_wconf 92' lang='lat' dir='ltr'>v.</span> <span class='ocrx_word' id='word_1_135' title='bbox 798 2249 856 2312; x_wconf 86' lang='lat'>138.</span> <span class='ocrx_word' id='word_1_136' title='bbox 895 2249 1025 2311; x_wconf 86' lang='lat' dir='ltr'>Aristoph.</span> <span class='ocrx_word' id='word_1_137' title='bbox 1045 2248 1112 2296; x_wconf 86' lang='lat' dir='ltr'>Ran.</span> <span class='ocrx_word' id='word_1_138' title='bbox 1132 2249 1167 2306; x_wconf 88' lang='lat'>46</span> <span class='ocrx_word' id='word_1_139' title='bbox 1186 2255 1211 2297; x_wconf 85' lang='lat' dir='ltr'>et</span> <span class='ocrx_word' id='word_1_140' title='bbox 1230 2247 1310 2296; x_wconf 90' lang='lat' dir='ltr'>schol.</span> 
     </span>
     <span class='ocr_line' id='line_1_18' title="bbox 144 2330 1313 2406; baseline 0 -20"><span class='ocrx_word' id='word_1_141' title='bbox 144 2340 176 2386; x_wconf 88' lang='lat' dir='ltr'>ad</span> <span class='ocrx_word' id='word_1_142' title='bbox 189 2339 224 2395; x_wconf 90' lang='lat' dir='ltr'>l.;</span> <span class='ocrx_word' id='word_1_143' title='bbox 241 2339 341 2387; x_wconf 81' lang='lat' dir='ltr'>schol.</span> <span class='ocrx_word' id='word_1_144' title='bbox 358 2340 391 2387; x_wconf 87' lang='lat' dir='ltr'>ad</span> <span class='ocrx_word' id='word_1_145' title='bbox 406 2339 574 2402; x_wconf 85' lang='lat' dir='ltr'>Aristoph.</span> <span class='ocrx_word' id='word_1_146' title='bbox 594 2339 714 2386; x_wconf 89' lang='lat' dir='ltr'>Eccles.</span> <span class='ocrx_word' id='word_1_147' title='bbox 730 2356 754 2386; x_wconf 91' lang='lat' dir='ltr'>v.</span> <span class='ocrx_word' id='word_1_148' title='bbox 771 2351 838 2400; x_wconf 88' lang='lat'>332:</span> <span class='ocrx_word' id='word_1_149' title='bbox 855 2333 1014 2406; x_wconf 84' lang='grc' dir='ltr'><em>κροκώιιον·</em></span> <span class='ocrx_word' id='word_1_150' title='bbox 1028 2340 1131 2405; x_wconf 72' lang='grc' dir='ltr'><em>εἴρηται</em></span> <span class='ocrx_word' id='word_1_151' title='bbox 1144 2335 1201 2387; x_wconf 75' lang='grc' dir='ltr'>δ’ἕν</span> <span class='ocrx_word' id='word_1_152' title='bbox 1213 2330 1313 2404; x_wconf 76' lang='grc' dir='ltr'><em>Βιιιρά·</em></span> 
     </span>
     <span class='ocr_line' id='line_1_19' title="bbox 143 2422 1309 2498; baseline -0.003 -21"><span class='ocrx_word' id='word_1_153' title='bbox 143 2446 209 2498; x_wconf 75' lang='grc' dir='ltr'><em>χοις,</em></span> <span class='ocrx_word' id='word_1_154' title='bbox 236 2425 278 2478; x_wconf 79' lang='grc' dir='ltr'>ὅτι</span> <span class='ocrx_word' id='word_1_155' title='bbox 305 2422 408 2496; x_wconf 59' lang='lat' dir='ltr'>{adaperi</span> <span class='ocrx_word' id='word_1_156' title='bbox 440 2428 494 2478; x_wconf 76' lang='grc' dir='ltr'><em>ιὀτι</em></span> <span class='ocrx_word' id='word_1_157' title='bbox 521 2424 696 2477; x_wconf 76' lang='grc' dir='ltr'><em>Αιονοσιιικὸν</em></span> <span class='ocrx_word' id='word_1_158' title='bbox 721 2424 736 2477; x_wconf 80' lang='grc' dir='ltr'>ὁ</span> <span class='ocrx_word' id='word_1_159' title='bbox 762 2423 902 2496; x_wconf 78' lang='grc' dir='ltr'><em>κροκιυτός,</em></span> <span class='ocrx_word' id='word_1_160' title='bbox 946 2427 1032 2475; x_wconf 90' lang='lat' dir='ltr'>Nonn.</span> <span class='ocrx_word' id='word_1_161' title='bbox 1060 2427 1139 2475; x_wconf 89' lang='lat' dir='ltr'>Dion.</span> <span class='ocrx_word' id='word_1_162' title='bbox 1166 2426 1224 2474; x_wconf 79' lang='lat' dir='ltr'>xlv</span> <span class='ocrx_word' id='word_1_163' title='bbox 1247 2426 1309 2482; x_wconf 87' lang='lat'>160;</span> 
     </span>
     <span class='ocr_line' id='line_1_20' title="bbox 147 2514 1313 2580; baseline -0.003 -14"><span class='ocrx_word' id='word_1_164' title='bbox 147 2519 242 2567; x_wconf 88' lang='lat' dir='ltr'>Athen.</span> <span class='ocrx_word' id='word_1_165' title='bbox 267 2519 291 2565; x_wconf 84' lang='lat' dir='ltr'>X</span> <span class='ocrx_word' id='word_1_166' title='bbox 317 2534 343 2580; x_wconf 92' lang='lat' dir='ltr'>p.</span> <span class='ocrx_word' id='word_1_167' title='bbox 368 2531 420 2576; x_wconf 83' lang='lat'>440</span> <span class='ocrx_word' id='word_1_168' title='bbox 443 2519 469 2565; x_wconf 91' lang='lat' dir='ltr'>d.</span> <span class='ocrx_word' id='word_1_169' title='bbox 496 2518 592 2565; x_wconf 86' lang='lat' dir='ltr'>Tibull.</span> <span class='ocrx_word' id='word_1_170' title='bbox 621 2518 716 2577; x_wconf 76' lang='lat'>1746:</span> <span class='ocrx_word' id='word_1_171' title='bbox 739 2517 831 2565; x_wconf 85' lang='lat' dir='ltr'>lutea</span> <span class='ocrx_word' id='word_1_172' title='bbox 855 2517 952 2580; x_wconf 85' lang='lat' dir='ltr'>palla.</span> <span class='ocrx_word' id='word_1_173' title='bbox 974 2515 1113 2579; x_wconf 87' lang='lat' dir='ltr'>Apollonio</span> <span class='ocrx_word' id='word_1_174' title='bbox 1131 2514 1233 2564; x_wconf 91' lang='lat' dir='ltr'>Rhodio</span> <span class='ocrx_word' id='word_1_175' title='bbox 1251 2521 1313 2563; x_wconf 91' lang='lat' dir='ltr'>teste</span> 
     </span>
     <span class='ocr_line' id='line_1_21' title="bbox 144 2607 1037 2669; baseline -0.003 -13"><span class='ocrx_word' id='word_1_176' title='bbox 144 2608 247 2656; x_wconf 85' lang='lat' dir='ltr'>Gratiae</span> <span class='ocrx_word' id='word_1_177' title='bbox 266 2607 367 2655; x_wconf 87' lang='lat' dir='ltr'>Baccho</span> <span class='ocrx_word' id='word_1_178' title='bbox 386 2615 479 2656; x_wconf 82' lang='lat' dir='ltr'>vestem</span> <span class='ocrx_word' id='word_1_179' title='bbox 498 2608 590 2655; x_wconf 85' lang='lat' dir='ltr'>luteam</span> <span class='ocrx_word' id='word_1_180' title='bbox 609 2615 748 2655; x_wconf 84' lang='lat' dir='ltr'>texuerunt:</span> <span class='ocrx_word' id='word_1_181' title='bbox 773 2608 868 2669; x_wconf 82' lang='lat' dir='ltr'>Argon.</span> <span class='ocrx_word' id='word_1_182' title='bbox 889 2607 921 2654; x_wconf 89' lang='lat' dir='ltr'>lV</span> <span class='ocrx_word' id='word_1_183' title='bbox 940 2623 964 2652; x_wconf 90' lang='lat' dir='ltr'>v.</span> <span class='ocrx_word' id='word_1_184' title='bbox 986 2617 1037 2666; x_wconf 89' lang='lat'>423</span> 
     </span>
    </p>

    <p class='ocr_par' dir='ltr' id='par_1_6' title="bbox 374 2691 1081 2944">
     <span class='ocr_line' id='line_1_22' title="bbox 481 2691 1029 2764; baseline 0 -20"><span class='ocrx_word' id='word_1_185' title='bbox 481 2697 524 2745; x_wconf 73' lang='lat' dir='ltr'>mel</span> <span class='ocrx_word' id='word_1_186' title='bbox 545 2697 645 2745; x_wconf 68' lang='grc' dir='ltr'><em>πέπλον</em></span> <span class='ocrx_word' id='word_1_187' title='bbox 664 2692 747 2746; x_wconf 73' lang='grc' dir='ltr'><em>δόσαν</em></span> <span class='ocrx_word' id='word_1_188' title='bbox 767 2693 839 2764; x_wconf 76' lang='grc' dir='ltr'><em>ἱερὸν</em></span> <span class='ocrx_word' id='word_1_189' title='bbox 856 2691 1029 2760; x_wconf 70' lang='grc' dir='ltr'><em>Ὑψιπυλείης</em></span> 
     </span>
     <span class='ocr_line' id='line_1_23' title="bbox 374 2779 1081 2854; baseline -0.001 -21"><span class='ocrx_word' id='word_1_190' title='bbox 374 2782 540 2854; x_wconf 74' lang='grc' dir='ltr'><em>πορφύρεον·</em></span> <span class='ocrx_word' id='word_1_191' title='bbox 561 2782 609 2835; x_wconf 81' lang='grc' dir='ltr'>τὸν</span> <span class='ocrx_word' id='word_1_192' title='bbox 626 2789 678 2853; x_wconf 75' lang='grc' dir='ltr'>μέν</span> <span class='ocrx_word' id='word_1_193' title='bbox 697 2785 731 2854; x_wconf 81' lang='grc' dir='ltr'><em>ῥυ</em></span> <span class='ocrx_word' id='word_1_194' title='bbox 749 2781 876 2854; x_wconf 77' lang='grc' dir='ltr'><em>Διωνύσῳ</em></span> <span class='ocrx_word' id='word_1_195' title='bbox 895 2780 984 2853; x_wconf 81' lang='grc' dir='ltr'><em>κάμον</em></span> <span class='ocrx_word' id='word_1_196' title='bbox 1003 2779 1081 2833; x_wconf 74' lang='grc' dir='ltr'><em>αὐτοὶ</em></span> 
     </span>
     <span class='ocr_line' id='line_1_24' title="bbox 374 2870 862 2944; baseline -0.004 -20"><span class='ocrx_word' id='word_1_197' title='bbox 374 2881 420 2944; x_wconf 71' lang='grc' dir='ltr'>Δίῃ</span> <span class='ocrx_word' id='word_1_198' title='bbox 438 2875 468 2925; x_wconf 70' lang='grc' dir='ltr'>ἐν</span> <span class='ocrx_word' id='word_1_199' title='bbox 486 2871 629 2943; x_wconf 74' lang='grc' dir='ltr'><em>ιῖμφιρύτφ</em></span> <span class='ocrx_word' id='word_1_200' title='bbox 651 2870 767 2941; x_wconf 78' lang='grc' dir='ltr'><em>Χάριτες</em></span> <span class='ocrx_word' id='word_1_201' title='bbox 784 2878 862 2925; x_wconf 74' lang='grc' dir='ltr'><em>θεαί·</em></span> 
     </span>
    </p>

    <p class='ocr_par' dir='ltr' id='par_1_7' title="bbox 139 2960 1368 3657">
     <span class='ocr_line' id='line_1_25' title="bbox 141 2960 1312 3031; baseline -0.003 -20"><span class='ocrx_word' id='word_1_202' title='bbox 141 2965 275 3026; x_wconf 88' lang='lat' dir='ltr'>Byssinam</span> <span class='ocrx_word' id='word_1_203' title='bbox 287 2970 390 3031; x_wconf 75' lang='lat' dir='ltr'>vestem,</span> <span class='ocrx_word' id='word_1_204' title='bbox 403 2980 452 3027; x_wconf 84' lang='lat' dir='ltr'>qua</span> <span class='ocrx_word' id='word_1_205' title='bbox 465 2965 524 3012; x_wconf 86' lang='lat' dir='ltr'>item</span> <span class='ocrx_word' id='word_1_206' title='bbox 537 2964 650 3012; x_wconf 80' lang='lat' dir='ltr'>utebatur</span> <span class='ocrx_word' id='word_1_207' title='bbox 661 2963 772 3010; x_wconf 82' lang='lat' dir='ltr'>Bacchus</span> <span class='ocrx_word' id='word_1_208' title='bbox 781 2963 876 3028; x_wconf 84' lang='lat' dir='ltr'>(Eurip.</span> <span class='ocrx_word' id='word_1_209' title='bbox 891 2964 985 3011; x_wconf 86' lang='lat' dir='ltr'>Bacch.</span> <span class='ocrx_word' id='word_1_210' title='bbox 1002 2963 1073 3031; x_wconf 69' lang='lat' dir='ltr'>y.82,</span> <span class='ocrx_word' id='word_1_211' title='bbox 1087 2963 1138 3010; x_wconf 92' lang='lat' dir='ltr'>vid.</span> <span class='ocrx_word' id='word_1_212' title='bbox 1152 2968 1241 3010; x_wconf 86' lang='lat' dir='ltr'>annot.</span> <span class='ocrx_word' id='word_1_213' title='bbox 1257 2960 1312 3009; x_wconf 85' lang='lat' dir='ltr'>Sal-</span> 
     </span>
     <span class='ocr_line' id='line_1_26' title="bbox 143 3049 1310 3117; baseline -0.003 -17"><span class='ocrx_word' id='word_1_214' title='bbox 143 3053 217 3100; x_wconf 87' lang='lat' dir='ltr'>masii</span> <span class='ocrx_word' id='word_1_215' title='bbox 238 3053 271 3100; x_wconf 89' lang='lat' dir='ltr'>ad</span> <span class='ocrx_word' id='word_1_216' title='bbox 289 3052 396 3100; x_wconf 86' lang='lat' dir='ltr'>Tertull.</span> <span class='ocrx_word' id='word_1_217' title='bbox 418 3052 449 3101; x_wconf 90' lang='lat' dir='ltr'>de</span> <span class='ocrx_word' id='word_1_218' title='bbox 469 3053 529 3115; x_wconf 89' lang='lat' dir='ltr'>pall.</span> <span class='ocrx_word' id='word_1_219' title='bbox 551 3069 577 3115; x_wconf 88' lang='lat' dir='ltr'>p.</span> <span class='ocrx_word' id='word_1_220' title='bbox 599 3051 671 3117; x_wconf 69' lang='lat'>290),</span> <span class='ocrx_word' id='word_1_221' title='bbox 693 3067 780 3099; x_wconf 84' lang='lat' dir='ltr'>croceo</span> <span class='ocrx_word' id='word_1_222' title='bbox 800 3053 874 3100; x_wconf 83' lang='lat' dir='ltr'>luisse</span> <span class='ocrx_word' id='word_1_223' title='bbox 894 3052 976 3100; x_wconf 90' lang='lat' dir='ltr'>colore</span> <span class='ocrx_word' id='word_1_224' title='bbox 996 3052 1099 3100; x_wconf 82' lang='lat' dir='ltr'>Vossius</span> <span class='ocrx_word' id='word_1_225' title='bbox 1125 3050 1230 3114; x_wconf 89' lang='lat' dir='ltr'>mythol.</span> <span class='ocrx_word' id='word_1_226' title='bbox 1258 3049 1310 3097; x_wconf 79' lang='lat' dir='ltr'>Bri.</span> 
     </span>
     <span class='ocr_line' id='line_1_27' title="bbox 140 3140 1310 3209; baseline -0.002 -21"><span class='ocrx_word' id='word_1_227' title='bbox 140 3143 162 3188; x_wconf 88' lang='lat' dir='ltr'>V</span> <span class='ocrx_word' id='word_1_228' title='bbox 183 3157 211 3204; x_wconf 88' lang='lat' dir='ltr'>p.</span> <span class='ocrx_word' id='word_1_229' title='bbox 233 3154 288 3209; x_wconf 68' lang='lat'>433</span> <span class='ocrx_word' id='word_1_230' title='bbox 309 3141 342 3189; x_wconf 87' lang='lat' dir='ltr'>ad</span> <span class='ocrx_word' id='word_1_231' title='bbox 360 3142 437 3205; x_wconf 89' lang='lat' dir='ltr'>Verg.</span> <span class='ocrx_word' id='word_1_232' title='bbox 459 3142 555 3204; x_wconf 79' lang='lat' dir='ltr'>Georg.</span> <span class='ocrx_word' id='word_1_233' title='bbox 576 3142 593 3196; x_wconf 86' lang='lat' dir='ltr'>ll</span> <span class='ocrx_word' id='word_1_234' title='bbox 613 3158 637 3187; x_wconf 89' lang='lat' dir='ltr'>v.</span> <span class='ocrx_word' id='word_1_235' title='bbox 663 3154 707 3189; x_wconf 86' lang='lat'>121</span> <span class='ocrx_word' id='word_1_236' title='bbox 730 3156 755 3202; x_wconf 89' lang='lat' dir='ltr'>p.</span> <span class='ocrx_word' id='word_1_237' title='bbox 772 3154 841 3203; x_wconf 83' lang='lat'>313;</span> <span class='ocrx_word' id='word_1_238' title='bbox 860 3142 891 3188; x_wconf 84' lang='lat' dir='ltr'>ad</span> <span class='ocrx_word' id='word_1_239' title='bbox 907 3141 1001 3189; x_wconf 89' lang='lat' dir='ltr'>Tibull.</span> <span class='ocrx_word' id='word_1_240' title='bbox 1022 3141 1045 3186; x_wconf 97' lang='lat' dir='ltr'>V</span> <span class='ocrx_word' id='word_1_241' title='bbox 1065 3158 1089 3188; x_wconf 92' lang='lat' dir='ltr'>v.</span> <span class='ocrx_word' id='word_1_242' title='bbox 1121 3153 1150 3202; x_wconf 87' lang='lat'>13</span> <span class='ocrx_word' id='word_1_243' title='bbox 1171 3140 1310 3188; x_wconf 88' lang='lat' dir='ltr'>contendit.</span> 
     </span>
     <span class='ocr_line' id='line_1_28' title="bbox 140 3225 1312 3297; baseline -0.002 -18"><span class='ocrx_word' id='word_1_244' title='bbox 140 3233 171 3280; x_wconf 87' lang='lat' dir='ltr'>Et</span> <span class='ocrx_word' id='word_1_245' title='bbox 185 3240 251 3279; x_wconf 87' lang='lat' dir='ltr'>recte</span> <span class='ocrx_word' id='word_1_246' title='bbox 264 3231 376 3295; x_wconf 87' lang='lat' dir='ltr'>quidem.</span> <span class='ocrx_word' id='word_1_247' title='bbox 403 3232 472 3279; x_wconf 83' lang='lat' dir='ltr'>Nam</span> <span class='ocrx_word' id='word_1_248' title='bbox 486 3231 575 3278; x_wconf 87' lang='lat' dir='ltr'>anecd.</span> <span class='ocrx_word' id='word_1_249' title='bbox 591 3232 636 3278; x_wconf 86' lang='lat' dir='ltr'>Gr.</span> <span class='ocrx_word' id='word_1_250' title='bbox 653 3231 757 3278; x_wconf 84' lang='lat' dir='ltr'>Bachm.</span> <span class='ocrx_word' id='word_1_251' title='bbox 772 3231 819 3292; x_wconf 90' lang='lat' dir='ltr'>lp.</span> <span class='ocrx_word' id='word_1_252' title='bbox 840 3231 897 3280; x_wconf 85' lang='lat'><strong>132.</strong></span> <span class='ocrx_word' id='word_1_253' title='bbox 912 3226 1025 3286; x_wconf 78' lang='grc' dir='ltr'><em>Βύσσος·</em></span> <span class='ocrx_word' id='word_1_254' title='bbox 1040 3225 1114 3293; x_wconf 71' lang='lat' dir='ltr'>nol)</span> <span class='ocrx_word' id='word_1_255' title='bbox 1129 3227 1145 3292; x_wconf 80' lang='grc' dir='ltr'><strong><em>ἧ</em></strong></span> <span class='ocrx_word' id='word_1_256' title='bbox 1159 3229 1238 3285; x_wconf 72' lang='grc' dir='ltr'><em>ἔσθος</em></span> <span class='ocrx_word' id='word_1_257' title='bbox 1251 3245 1312 3297; x_wconf 87' lang='grc' dir='ltr'><em>πορ-</em></span> 
     </span>
     <span class='ocr_line' id='line_1_29' title="bbox 141 3313 1368 3388; baseline 0.002 -23"><span class='ocrx_word' id='word_1_258' title='bbox 141 3325 263 3388; x_wconf 76' lang='grc' dir='ltr'><em>φυροῦν;</em></span> <span class='ocrx_word' id='word_1_259' title='bbox 282 3321 353 3368; x_wconf 83' lang='lat' dir='ltr'>color</span> <span class='ocrx_word' id='word_1_260' title='bbox 370 3337 503 3384; x_wconf 80' lang='lat' dir='ltr'>purpureus</span> <span class='ocrx_word' id='word_1_261' title='bbox 522 3320 665 3368; x_wconf 89' lang='lat' dir='ltr'>simillimus</span> <span class='ocrx_word' id='word_1_262' title='bbox 684 3334 781 3377; x_wconf 85' lang='lat' dir='ltr'>croceo,</span> <span class='ocrx_word' id='word_1_263' title='bbox 803 3320 870 3383; x_wconf 90' lang='lat' dir='ltr'>quod</span> <span class='ocrx_word' id='word_1_264' title='bbox 890 3319 969 3368; x_wconf 91' lang='lat' dir='ltr'>elucet</span> <span class='ocrx_word' id='word_1_265' title='bbox 988 3335 1018 3366; x_wconf 87' lang='lat' dir='ltr'>ex</span> <span class='ocrx_word' id='word_1_266' title='bbox 1036 3319 1141 3367; x_wconf 88' lang='lat' dir='ltr'>Lucian.</span> <span class='ocrx_word' id='word_1_267' title='bbox 1167 3315 1278 3386; x_wconf 75' lang='grc' dir='ltr'><em>προλολ,</em></span> <span class='ocrx_word' id='word_1_268' title='bbox 1297 3313 1312 3367; x_wconf 80' lang='grc' dir='ltr'><em>ὂ</em></span> <span class='ocrx_word' id='word_1_269' title='bbox 1365 3355 1368 3359; x_wconf 86' lang='lat'>.</span> 
     </span>
     <span class='ocr_line' id='line_1_30' title="bbox 139 3406 1312 3477; baseline -0.004 -18"><span class='ocrx_word' id='word_1_270' title='bbox 139 3416 212 3460; x_wconf 84' lang='grc' dir='ltr'><em>Διον,</em></span> <span class='ocrx_word' id='word_1_271' title='bbox 234 3424 259 3457; x_wconf 85' lang='lat'>2.</span> <span class='ocrx_word' id='word_1_272' title='bbox 280 3406 408 3477; x_wconf 67' lang='grc' dir='ltr'><em>Ποδῆρης</em></span> <span class='ocrx_word' id='word_1_273' title='bbox 427 3426 533 3474; x_wconf 89' lang='lat' dir='ltr'>quoque,</span> <span class='ocrx_word' id='word_1_274' title='bbox 557 3426 608 3472; x_wconf 90' lang='lat' dir='ltr'>quo</span> <span class='ocrx_word' id='word_1_275' title='bbox 628 3409 731 3457; x_wconf 82' lang='lat' dir='ltr'>amictus</span> <span class='ocrx_word' id='word_1_276' title='bbox 744 3419 795 3457; x_wconf 85' lang='lat' dir='ltr'>erat</span> <span class='ocrx_word' id='word_1_277' title='bbox 814 3408 927 3457; x_wconf 83' lang='lat' dir='ltr'>Bacchus</span> <span class='ocrx_word' id='word_1_278' title='bbox 945 3409 970 3456; x_wconf 91' lang='lat' dir='ltr'>in</span> <span class='ocrx_word' id='word_1_279' title='bbox 996 3423 1096 3464; x_wconf 81' lang='lat' dir='ltr'>scaena,</span> <span class='ocrx_word' id='word_1_280' title='bbox 1127 3407 1218 3456; x_wconf 86' lang='lat' dir='ltr'>eodem</span> <span class='ocrx_word' id='word_1_281' title='bbox 1236 3406 1312 3455; x_wconf 84' lang='lat' dir='ltr'>luisse</span> 
     </span>
     <span class='ocr_line' id='line_1_31' title="bbox 139 3493 1310 3565; baseline 0 -18"><span class='ocrx_word' id='word_1_282' title='bbox 139 3500 225 3548; x_wconf 84' lang='lat' dir='ltr'>colore</span> <span class='ocrx_word' id='word_1_283' title='bbox 244 3499 342 3547; x_wconf 85' lang='lat' dir='ltr'>videtur</span> <span class='ocrx_word' id='word_1_284' title='bbox 364 3500 504 3547; x_wconf 88' lang='lat' dir='ltr'>secundum</span> <span class='ocrx_word' id='word_1_285' title='bbox 524 3499 612 3546; x_wconf 86' lang='lat' dir='ltr'>anecd.</span> <span class='ocrx_word' id='word_1_286' title='bbox 635 3497 680 3545; x_wconf 90' lang='lat' dir='ltr'>Gr.</span> <span class='ocrx_word' id='word_1_287' title='bbox 701 3497 806 3546; x_wconf 87' lang='lat' dir='ltr'>Bacbm.</span> <span class='ocrx_word' id='word_1_288' title='bbox 828 3499 836 3545; x_wconf 97' lang='lat' dir='ltr'>l</span> <span class='ocrx_word' id='word_1_289' title='bbox 855 3513 880 3560; x_wconf 90' lang='lat' dir='ltr'>p.</span> <span class='ocrx_word' id='word_1_290' title='bbox 903 3506 953 3560; x_wconf 84' lang='lat'>245</span> <span class='ocrx_word' id='word_1_291' title='bbox 973 3493 1090 3565; x_wconf 69' lang='grc' dir='ltr'><em>ποδήρης</em></span> <span class='ocrx_word' id='word_1_292' title='bbox 1109 3496 1139 3547; x_wconf 70' lang='grc' dir='ltr'>δέ</span> <span class='ocrx_word' id='word_1_293' title='bbox 1157 3495 1229 3546; x_wconf 76' lang='grc' dir='ltr'><em>ἔστιν</em></span> <span class='ocrx_word' id='word_1_294' title='bbox 1247 3495 1310 3547; x_wconf 66' lang='grc' dir='ltr'><em>λινε·</em></span> 
     </span>
     <span class='ocr_line' id='line_1_32' title="bbox 139 3584 447 3657; baseline -0.003 -19"><span class='ocrx_word' id='word_1_295' title='bbox 139 3607 172 3639; x_wconf 92' lang='grc' dir='ltr'>ον</span> <span class='ocrx_word' id='word_1_296' title='bbox 191 3588 297 3657; x_wconf 74' lang='grc' dir='ltr'><em>ἔνδυμα</em></span> <span class='ocrx_word' id='word_1_297' title='bbox 313 3584 447 3652; x_wconf 73' lang='grc' dir='ltr'><em>βύσσινον,</em></span> 
     </span>
    </p>

    <p class='ocr_par' dir='ltr' id='par_1_8' title="bbox 248 3671 1310 3745">
     <span class='ocr_line' id='line_1_33' title="bbox 248 3671 1310 3745; baseline 0.002 -21"><span class='ocrx_word' id='word_1_298' title='bbox 248 3674 270 3743; x_wconf 82' lang='lat'>⁷)</span> <span class='ocrx_word' id='word_1_299' title='bbox 291 3677 378 3725; x_wconf 86' lang='lat' dir='ltr'>Pollux</span> <span class='ocrx_word' id='word_1_300' title='bbox 396 3678 428 3724; x_wconf 95' lang='lat' dir='ltr'>lV</span> <span class='ocrx_word' id='word_1_301' title='bbox 444 3688 504 3738; x_wconf 88' lang='lat'>117:</span> <span class='ocrx_word' id='word_1_302' title='bbox 532 3673 542 3722; x_wconf 69' lang='grc' dir='ltr'><em>ἶ</em></span> <span class='ocrx_word' id='word_1_303' title='bbox 562 3675 592 3726; x_wconf 71' lang='lat' dir='ltr'>«lt</span> <span class='ocrx_word' id='word_1_304' title='bbox 611 3671 745 3743; x_wconf 80' lang='grc' dir='ltr'><em>κροκοιτὸς</em></span> <span class='ocrx_word' id='word_1_305' title='bbox 763 3671 886 3745; x_wconf 59' lang='grc' dir='ltr'><em>ἱμάτιον</em></span> <span class='ocrx_word' id='word_1_306' title='bbox 910 3671 1035 3731; x_wconf 85' lang='grc' dir='ltr'><em>Διόνυσος</em></span> <span class='ocrx_word' id='word_1_307' title='bbox 1060 3674 1089 3725; x_wconf 72' lang='grc' dir='ltr'>δὲ</span> <span class='ocrx_word' id='word_1_308' title='bbox 1113 3671 1187 3743; x_wconf 69' lang='grc' dir='ltr'>αὐτῷ</span> <span class='ocrx_word' id='word_1_309' title='bbox 1209 3673 1310 3744; x_wconf 75' lang='grc' dir='ltr'><em>ἐχρῆτο.</em></span> 
     </span>
    </p>

    <p class='ocr_par' dir='ltr' id='par_1_9' title="bbox 247 3764 833 3834">
     <span class='ocr_line' id='line_1_34' title="bbox 247 3764 833 3834; baseline -0.002 -21"><span class='ocrx_word' id='word_1_310' title='bbox 247 3764 269 3832; x_wconf 84' lang='lat'>³)</span> <span class='ocrx_word' id='word_1_311' title='bbox 289 3766 331 3814; x_wconf 86' lang='lat' dir='ltr'>Cl.</span> <span class='ocrx_word' id='word_1_312' title='bbox 351 3767 476 3834; x_wconf 60' lang='lat' dir='ltr'>Weidner,</span> <span class='ocrx_word' id='word_1_313' title='bbox 498 3767 558 3815; x_wconf 82' lang='lat' dir='ltr'>Alte</span> <span class='ocrx_word' id='word_1_314' title='bbox 576 3765 669 3813; x_wconf 87' lang='lat' dir='ltr'>kal.</span> <span class='ocrx_word' id='word_1_315' title='bbox 690 3765 722 3812; x_wconf 86' lang='lat' dir='ltr'>lv</span> <span class='ocrx_word' id='word_1_316' title='bbox 741 3781 767 3827; x_wconf 88' lang='lat' dir='ltr'>p.</span> <span class='ocrx_word' id='word_1_317' title='bbox 793 3779 833 3814; x_wconf 89' lang='lat'>10.</span> 
     </span>
    </p>

    <p class='ocr_par' dir='ltr' id='par_1_10' title="bbox 247 3851 1068 3923">
     <span class='ocr_line' id='line_1_35' title="bbox 247 3851 1068 3923; baseline -0.002 -20"><span class='ocrx_word' id='word_1_318' title='bbox 247 3855 269 3923; x_wconf 88' lang='lat'>⁴)</span> <span class='ocrx_word' id='word_1_319' title='bbox 288 3855 394 3904; x_wconf 83' lang='lat' dir='ltr'>Locian.</span> <span class='ocrx_word' id='word_1_320' title='bbox 415 3855 533 3923; x_wconf 78' lang='grc' dir='ltr'><em>Προλαλ,</em></span> <span class='ocrx_word' id='word_1_321' title='bbox 553 3851 567 3902; x_wconf 80' lang='grc' dir='ltr'>ὁ</span> <span class='ocrx_word' id='word_1_322' title='bbox 585 3861 657 3908; x_wconf 83' lang='grc' dir='ltr'><em>Διον,</em></span> <span class='ocrx_word' id='word_1_323' title='bbox 678 3867 703 3902; x_wconf 88' lang='lat'>2.</span> <span class='ocrx_word' id='word_1_324' title='bbox 720 3853 750 3904; x_wconf 74' lang='grc' dir='ltr'>ἐν</span> <span class='ocrx_word' id='word_1_325' title='bbox 768 3858 891 3923; x_wconf 68' lang='grc' dir='ltr'><em>κροκωτῷ</em></span> <span class='ocrx_word' id='word_1_326' title='bbox 909 3853 954 3904; x_wconf 80' lang='grc' dir='ltr'>καὶ</span> <span class='ocrx_word' id='word_1_327' title='bbox 971 3857 1068 3904; x_wconf 66' lang='lat' dir='ltr'>aaaron.</span> 
     </span>
    </p>

    <p class='ocr_par' dir='ltr' id='par_1_11' title="bbox 248 3943 668 4011">
     <span class='ocr_line' id='line_1_36' title="bbox 248 3943 668 4011; baseline -0.007 -16"><span class='ocrx_word' id='word_1_328' title='bbox 248 3943 269 4011; x_wconf 61' lang='grc' dir='ltr'>ι)</span> <span class='ocrx_word' id='word_1_329' title='bbox 291 3946 333 3994; x_wconf 86' lang='lat' dir='ltr'>Cl.</span> <span class='ocrx_word' id='word_1_330' title='bbox 353 3946 449 3994; x_wconf 81' lang='lat' dir='ltr'>Athen.</span> <span class='ocrx_word' id='word_1_331' title='bbox 470 3946 493 3990; x_wconf 89' lang='lat' dir='ltr'>V</span> <span class='ocrx_word' id='word_1_332' title='bbox 510 3960 537 4007; x_wconf 88' lang='lat' dir='ltr'>p.</span> <span class='ocrx_word' id='word_1_333' title='bbox 565 3944 611 4005; x_wconf 81' lang='lat'>196</span> <span class='ocrx_word' id='word_1_334' title='bbox 630 3960 668 4008; x_wconf 85' lang='lat' dir='ltr'>sq.</span> 
     </span>
    </p>

    <p class='ocr_par' dir='ltr' id='par_1_12' title="bbox 111 4032 1311 4546">
     <span class='ocr_line' id='line_1_37' title="bbox 250 4032 1311 4102; baseline 0 -20"><span class='ocrx_word' id='word_1_335' title='bbox 250 4034 404 4102; x_wconf 80' lang='lat' dir='ltr'>⁶)Plin.h.</span> <span class='ocrx_word' id='word_1_336' title='bbox 434 4051 461 4082; x_wconf 88' lang='lat' dir='ltr'>n.</span> <span class='ocrx_word' id='word_1_337' title='bbox 488 4033 608 4094; x_wconf 74' lang='lat' dir='ltr'>Xl&#39;l147</span> <span class='ocrx_word' id='word_1_338' title='bbox 616 4077 692 4086; x_wconf 79' lang='grc'><strong>,,,,,</strong></span> <span class='ocrx_word' id='word_1_339' title='bbox 719 4034 777 4081; x_wconf 86' lang='lat' dir='ltr'>alii</span> <span class='ocrx_word' id='word_1_340' title='bbox 806 4032 938 4099; x_wconf 60' lang='lat' dir='ltr'>(hederae)</span> <span class='ocrx_word' id='word_1_341' title='bbox 966 4038 1175 4100; x_wconf 74' lang='lat' dir='ltr'>crocotula,</span> <span class='ocrx_word' id='word_1_342' title='bbox 1207 4034 1311 4082; x_wconf 90' lang='lat' dir='ltr'>cuius</span> 
     </span>
     <span class='ocr_line' id='line_1_38' title="bbox 139 4120 1309 4188; baseline -0.003 -14"><span class='ocrx_word' id='word_1_343' title='bbox 139 4126 300 4175; x_wconf 87' lang='lat' dir='ltr'>coronis</span> <span class='ocrx_word' id='word_1_344' title='bbox 328 4134 461 4186; x_wconf 82' lang='lat' dir='ltr'>poetae</span> <span class='ocrx_word' id='word_1_345' title='bbox 481 4132 653 4180; x_wconf 83' lang='lat' dir='ltr'>utuntur,</span> <span class='ocrx_word' id='word_1_346' title='bbox 676 4123 787 4172; x_wconf 84' lang='lat' dir='ltr'>loliis</span> <span class='ocrx_word' id='word_1_347' title='bbox 814 4123 932 4171; x_wconf 79' lang='lat' dir='ltr'>minus</span> <span class='ocrx_word' id='word_1_348' title='bbox 959 4120 1091 4188; x_wconf 71' lang='lat' dir='ltr'>nigris,</span> <span class='ocrx_word' id='word_1_349' title='bbox 1111 4123 1309 4186; x_wconf 84' lang='lat' dir='ltr'>quamqui-</span> 
     </span>
     <span class='ocr_line' id='line_1_39' title="bbox 137 4210 1307 4275; baseline -0.003 -12"><span class='ocrx_word' id='word_1_350' title='bbox 137 4217 216 4263; x_wconf 84' lang='lat' dir='ltr'>darn</span> <span class='ocrx_word' id='word_1_351' title='bbox 244 4213 413 4275; x_wconf 76' lang='lat' dir='ltr'>Nysiam,</span> <span class='ocrx_word' id='word_1_352' title='bbox 446 4212 515 4259; x_wconf 89' lang='lat' dir='ltr'>alii</span> <span class='ocrx_word' id='word_1_353' title='bbox 543 4212 765 4261; x_wconf 88' lang='lat' dir='ltr'>Bacchicam</span> <span class='ocrx_word' id='word_1_354' title='bbox 795 4219 942 4260; x_wconf 84' lang='lat' dir='ltr'>vocant.</span> <span class='ocrx_word' id='word_1_355' title='bbox 982 4211 1023 4260; x_wconf 88' lang='lat' dir='ltr'>Ct&#39;.</span> <span class='ocrx_word' id='word_1_356' title='bbox 1052 4210 1217 4261; x_wconf 81' lang='lat' dir='ltr'>Siliumltal.</span> <span class='ocrx_word' id='word_1_357' title='bbox 1244 4211 1307 4273; x_wconf 54' lang='lat' dir='ltr'>Pun,</span> 
     </span>
     <span class='ocr_line' id='line_1_40' title="bbox 138 4285 1194 4361; baseline 0.001 -14"><span class='ocrx_word' id='word_1_358' title='bbox 138 4304 298 4361; x_wconf 63' lang='lat' dir='ltr'>Vlla-‚422</span> <span class='ocrx_word' id='word_1_359' title='bbox 533 4285 535 4289; x_wconf 45' lang='grc'>’</span> <span class='ocrx_word' id='word_1_360' title='bbox 888 4301 976 4349; x_wconf 75' lang='lat' dir='ltr'>inde</span> <span class='ocrx_word' id='word_1_361' title='bbox 1007 4301 1194 4350; x_wconf 80' lang='lat' dir='ltr'>nitentem</span> 
     </span>
     <span class='ocr_line' id='line_1_41' title="bbox 111 4388 1193 4462; baseline -0.001 -24"><span class='ocrx_word' id='word_1_362' title='bbox 111 4452 116 4462; x_wconf 95' lang='lat'>.</span> <span class='ocrx_word' id='word_1_363' title='bbox 258 4390 413 4440; x_wconf 81' lang='lat' dir='ltr'>Lumine</span> <span class='ocrx_word' id='word_1_364' title='bbox 441 4406 626 4455; x_wconf 82' lang='lat' dir='ltr'>purpureo</span> <span class='ocrx_word' id='word_1_365' title='bbox 656 4393 817 4440; x_wconf 76' lang='lat' dir='ltr'>frontem</span> <span class='ocrx_word' id='word_1_366' title='bbox 845 4391 994 4439; x_wconf 82' lang='lat' dir='ltr'>cinxere</span> <span class='ocrx_word' id='word_1_367' title='bbox 1021 4388 1193 4453; x_wconf 84' lang='lat' dir='ltr'>corymbi.</span> 
     </span>
     <span class='ocr_line' id='line_1_42' title="bbox 136 4477 1306 4546; baseline -0.003 -14"><span class='ocrx_word' id='word_1_368' title='bbox 136 4480 247 4543; x_wconf 76' lang='lat' dir='ltr'>Anthol.</span> <span class='ocrx_word' id='word_1_369' title='bbox 267 4479 326 4529; x_wconf 66' lang='lat' dir='ltr'>Lea</span> <span class='ocrx_word' id='word_1_370' title='bbox 352 4480 510 4544; x_wconf 79' lang='lat' dir='ltr'>Meyerln.</span> <span class='ocrx_word' id='word_1_371' title='bbox 531 4490 592 4544; x_wconf 78' lang='lat'>573.</span> <span class='ocrx_word' id='word_1_372' title='bbox 611 4490 700 4544; x_wconf 81' lang='lat' dir='ltr'>apte</span> <span class='ocrx_word' id='word_1_373' title='bbox 724 4480 845 4532; x_wconf 86' lang='lat' dir='ltr'>luteis</span> <span class='ocrx_word' id='word_1_374' title='bbox 873 4478 1071 4546; x_wconf 76' lang='lat' dir='ltr'>corymbis.</span> <span class='ocrx_word' id='word_1_375' title='bbox 1100 4505 1132 4516; x_wconf 91' lang='lat'><em>-</em></span> <span class='ocrx_word' id='word_1_376' title='bbox 1154 4477 1213 4528; x_wconf 78' lang='lat' dir='ltr'>Vnt.</span> <span class='ocrx_word' id='word_1_377' title='bbox 1234 4477 1306 4540; x_wconf 72' lang='lat' dir='ltr'>Voss.</span> 
     </span>
    </p>
   </div>
   <div class='ocr_carea' id='block_1_6' title="bbox 0 0 1460 4906">
    <p class='ocr_par' dir='ltr' id='par_1_13' title="bbox 0 0 1460 4906">
     <span class='ocr_line' id='line_1_43' title="bbox 0 0 1460 4906; baseline 0 0"><span class='ocrx_word' id='word_1_378' title='bbox 0 0 1460 4906; x_wconf 95' lang='lat' dir='ltr'> </span> 
     </span>
    </p>
   </div>
  </div>
 </body>
</html>
