2880 4920
606 228 650 237 ψ..-
699 215 713 250 2
761 227 806 237 ...-

228 389 273 444 Ac
297 388 423 463 primurn
449 388 569 463 quidem
594 389 729 448 dicamus
754 392 792 449 de
816 390 1014 466 Hymenaeo!

485 617 521 699 Ι.
566 617 629 698 Ite
657 617 926 718 Hymenaeo.

228 795 266 860 In
297 800 415 869 fabulis
453 819 530 874 quae
566 802 647 876 apud
681 812 796 860 veteres
832 802 870 861 de
895 806 1073 877 Hymenaeo
1109 803 1293 869 ferebantur,

120 908 294 965 enarrandis
319 919 363 966 est
387 926 459 965 sane
483 907 611 966 maxime
636 908 825 984 respicienda
851 920 932 967 aetas
956 911 1123 967 fabularum
1149 909 1293 984 ipsarum.

119 1016 186 1072 Iure
210 1025 309 1074 autem
333 1016 454 1073 fabulae
477 1024 571 1072 totam
594 1035 647 1090 per
668 1016 828 1074 Graeciam
851 1018 1044 1092 pervulgatae
1069 1026 1295 1091 anteponuntur

1 1134 10 1142 ’·
64 1196 68 1201 ⁵
118 1119 163 1191 iis,
189 1142 267 1197 quae
290 1124 330 1181 ad
354 1133 465 1181 certum
490 1133 613 1196 arteque
636 1123 892 1199 circumscriptum
917 1125 1017 1181 Iocum
1041 1133 1186 1199 spectant.

112 1195 117 1229 Ι
225 1230 324 1304 Quem
348 1230 372 1287 si
397 1249 548 1288 servamus
573 1249 670 1288 rerum
695 1231 831 1288 ordinem
856 1250 892 1288 ac
923 1232 1069 1288 rationem
1105 1230 1163 1287 iam
1200 1232 1293 1289 nobis

1 1300 97 1421 ⁰:—
118 1336 271 1414 agendum
295 1348 338 1396 est
362 1338 400 1396 de
425 1348 565 1413 quattuor
596 1337 681 1413 quasi
712 1335 882 1396 fabularum
918 1337 1050 1395 orbibus.
1100 1339 1173 1395 Sunt
1210 1340 1293 1397 enim

117 1446 288 1504 afferendae
324 1446 498 1521 primum
534 1446 665 1517 fabulae,
691 1463 769 1521 quae
793 1444 1003 1520 Hymenaeum
1028 1448 1143 1502 Musa
1172 1447 1292 1520 geni-

115 1561 195 1611 tum
234 1553 429 1630 perhibeant3
468 1548 579 1612 deinde
614 1570 691 1628 quae
731 1565 997 1629 praematura
1033 1572 1118 1610 eum
1158 1566 1292 1612 morte

115 1668 277 1737 raptum
300 1656 434 1738 tradant3
467 1671 630 1736 sequuntur
652 1662 783 1733 fabulae,
816 1661 924 1736 quibus
958 1661 1174 1718 liberator
1207 1660 1291 1717 vir-

114 1766 254 1842 ginum
289 1788 306 1828 e
340 1764 597 1846 praedonum
632 1777 854 1845 potestate
893 1769 1018 1840 dicatur,
1055 1768 1186 1842 denique
1223 1787 1289 1841 eae,

115 1890 192 1949 quae
227 1872 364 1934 filium
398 1876 554 1933 Bacchi
580 1871 848 1951 Venerisque
882 1876 973 1934 fuisse
1007 1886 1136 1933 narrent.
1162 1908 1205 1916 —-
1230 1876 1289 1933 His

114 1979 223 2040 sabulis
248 1979 428 2042 asserendae
451 1994 518 2042 sunt
542 1984 685 2059 deinceps
721 1983 872 2059 quaedam
909 1983 1031 2040 minoris
1067 1983 1211 2040 momenti
1249 1984 1289 2040 ad

114 2107 205 2147 unum
230 2099 344 2148 tantum
369 2092 468 2148 locum
493 2086 727 2175 respicientesst)

220 2194 258 2256 At
281 2198 456 2274 priusquam
479 2198 596 2256 fabulas
616 2198 697 2274 ipsas
714 2198 932 2274 aggrediamur,
951 2195 1079 2255 breviter
1096 2216 1287 2272 quaeramus,

49 2282 57 2303 ”
113 2319 245 2380 quonam
269 2313 404 2381 ternpore
428 2316 508 2363 ortus
533 2306 570 2363 sit
594 2304 789 2379 Hymenaeus
814 2306 896 2363 deus,

218 2412 349 2470 Primum
384 2403 473 2472 nobis
498 2413 626 2470 occurrit
660 2412 814 2495 ιὶμέναιος
850 2432 907 2469 vox
938 2409 1018 2487 apud
1050 2410 1215 2470 Homerum
1251 2415 1285 2472 Il.

111 2516 216 2578 XVIII
241 2540 267 2578 v.
294 2513 405 2597 493.²)
451 2519 639 2578 Describitur
669 2520 715 2577 in·
733 2529 817 2578 scuto
842 2518 967 2576 Achillis
1003 2519 1172 2593 nuptiarum
1209 2522 1287 2579 eele-

111 2626 226 2688 aratio:

217 2727 253 2800 ἕν
276 2738 317 2831 τῇ
339 2733 464 2808 (πόλει)
486 2735 549 2817 μέν
572 2737 614 2819 ῥα
638 2729 737 2818 γάμοι
761 2720 868 2798 ι’ἷσαν
884 2734 1053 2797 εἰλαπίναι
1077 2758 1120 2807 aa,

217 2840 349 2926 νύμφας
373 2840 399 2905 d’
425 2834 460 2904 da
485 2840 654 2924 θαλάμων
679 2838 804 2906 δαΐδων
831 2837 895 2907 {tao
928 2835 1172 2923 Iapaaprraiun'

216 2949 346 3035 ἠγίνεον
369 2947 436 3015 nivei
462 2941 564 3014 derra·
589 2947 692 3025 πολύς
716 2946 742 3012 δ’
761 2948 914 3031 ὑμέναιος
939 2938 1060 3035 ὅμοι’ριι.

217 3058 300 3116 Hinc
338 3068 457 3134 sumpta
493 3068 561 3116 sunt
597 3074 674 3132 quae
713 3057 851 3132 leguntur
887 3057 967 3131 apud
1002 3055 1171 3113 Hesiodum
1208 3067 1283 3113 seut.

110 3166 201 3226 Herc.
227 3186 254 3224 v.
283 3183 353 3240 274.

483 3280 532 3334 ιοῑ
554 3275 616 3353 μὲν
639 3263 702 3358 γοὲρ
726 3265 907 3356 ἐϋσσώιροιι
931 3269 982 3333 ἐπ’
1009 3268 1137 3354 αἰῑήνης

216 3372 323 3467 ἤγοντ’
350 3378 445 3467 ἄνὸρὶ
475 3393 623 3459 γυναῖκα,
660 3376 763 3454 aalide
788 3377 814 3442 δ’
840 3378 994 3460 ὑμέναιος
1020 3372 1142 3464 ὀρώρει,

216 3491 354 3563 Utroque
378 3487 466 3563 igitur
489 3488 558 3545 Ioco
581 3485 737 3568 ὑμέναιος
761 3495 881 3544 cantum
906 3485 1080 3560 nuptialem,
1107 3504 1166 3540 uon
1192 3485 1284 3542 deum

109 3597 280 3675 nuptiarum
315 3594 473 3671 significat.
522 3593 648 3652 Minime
684 3603 782 3651 autem
818 3603 898 3651 recte
933 3592 1082 3649 iudicasse
1117 3591 1206 3649 nobis
1243 3593 1284 3649 yi-

217 3877 239 3946 1)
258 3879 341 3929 Meras
360 3876 506 3940 Hymenaei
526 3876 595 3925 vocis
614 3871 796 3940 eprIcationes
815 3892 829 3923 a
847 3874 1015 3938 grammaticis
1034 3873 1145 3936 prolatas
1164 3874 1215 3922 iure
1235 3876 1284 3925 hoc

109 3968 166 4023 loco
190 3969 327 4025 omisimus,
355 3983 411 4015 cum
437 3981 484 4015 nee
509 3964 608 4014 fabulae
633 3966 682 4014 sint
708 3981 754 4013 nec
777 3964 918 4012 fabularum
937 3971 1027 4026 partes.
1068 3964 1123 4011 Huc
1152 3964 1283 4015 reseriums

109 4064 191 4127 Etym.
216 4061 305 4123 Magn.
325 4074 346 4107 s,
376 4073 400 4106 v.
425 4050 570 4125 Ὑμέναιον
593 4045 759 4117 δοξαοθῆναι
785 4049 923 4122 γήμαντας
943 4055 1012 4102 Serv.
1034 4053 1066 4101 ad
1087 4054 1161 4114 I'erg,
1180 4055 1248 4102 Aen.
1271 4057 1280 4103 I

110 4169 134 4203 v.
156 4153 217 4215 651.
256 4149 292 4198 Η.
314 4148 397 4196 deus
419 4146 625 4209 nuptiarum3
656 4145 801 4192 Commeat.
823 4143 975 4191 Floriaceus.
1001 4142 1032 4189 ad
1050 4143 1123 4206 Verg.
1147 4144 1211 4191 Aen.
1236 4146 1280 4194 lt'.

109 4258 133 4298 v.
156 4230 439 4304 127.'nuptlarum
463 4236 646 4291 Inventor;
669 4234 759 4281 Isidor.
776 4234 916 4295 etyrn,.lX‚
933 4246 975 4281 22.
1014 4233 1050 4281 II.
1072 4232 1131 4296 qui
1157 4235 1282 4294 primus

109 4328 244 4397 nuptiis
269 4343 433 4393 prospere
455 4341 530 4375 usus
556 4333 615 4374 est.

216 4417 236 4488 ²)
256 4417 297 4467 CI.
318 4417 417 4485 M'dller,
439 4417 502 4464 Dor.
524 4416 543 4473 Ι,
566 4432 591 4478 p.
614 4415 664 4476 348
685 4421 737 4464 not.
763 4427 784 4462 1.
