<?xml version="1.0" encoding="UTF-8"?>
<!DOCTYPE html PUBLIC "-//W3C//DTD XHTML 1.0 Transitional//EN"
    "http://www.w3.org/TR/xhtml1/DTD/xhtml1-transitional.dtd">
<html xmlns="http://www.w3.org/1999/xhtml" xml:lang="en" lang="en">
 <head>
  <title>
</title>
<meta http-equiv="Content-Type" content="text/html;charset=utf-8" />
  <meta name='ocr-system' content='tesseract 3.04.00' />
  <meta name='ocr-capabilities' content='ocr_page ocr_carea ocr_par ocr_line ocrx_word'/>
</head>
<body>
  <div class='ocr_page' id='page_1' title='image "./dehymenaeoettal00schmgoog_0058.png"; bbox 0 0 2880 4920; ppageno 0'>
   <div class='ocr_carea' id='block_1_1' title="bbox 593 269 812 331">
    <p class='ocr_par' dir='ltr' id='par_1_1' title="bbox 593 269 812 331">
     <span class='ocr_line' id='line_1_1' title="bbox 593 269 812 331; baseline 0.005 -34"><span class='ocrx_word' id='word_1_1' title='bbox 593 269 812 331; x_wconf 27' lang='grc' dir='ltr'><strong>..μή</strong></span> 
     </span>
    </p>
   </div>
   <div class='ocr_carea' id='block_1_2' title="bbox 152 565 1287 654">
    <p class='ocr_par' dir='ltr' id='par_1_2' title="bbox 152 565 1287 654">
     <span class='ocr_line' id='line_1_2' title="bbox 152 565 1287 654; baseline -0.004 -18"><span class='ocrx_word' id='word_1_2' title='bbox 152 610 158 623; x_wconf 89' lang='lat'><strong>·</strong></span> <span class='ocrx_word' id='word_1_3' title='bbox 240 573 301 636; x_wconf 85' lang='lat' dir='ltr'><strong>Sunt</strong></span> <span class='ocrx_word' id='word_1_4' title='bbox 320 572 409 654; x_wconf 84' lang='lat' dir='ltr'><strong>igitur</strong></span> <span class='ocrx_word' id='word_1_5' title='bbox 431 567 581 634; x_wconf 85' lang='lat' dir='ltr'><strong>maximae</strong></span> <span class='ocrx_word' id='word_1_6' title='bbox 605 585 635 634; x_wconf 91' lang='lat' dir='ltr'><strong>et</strong></span> <span class='ocrx_word' id='word_1_7' title='bbox 657 575 852 651; x_wconf 87' lang='lat' dir='ltr'><strong>gravissimae</strong></span> <span class='ocrx_word' id='word_1_8' title='bbox 876 566 1085 634; x_wconf 78' lang='lat' dir='ltr'><strong>similitudines</strong></span> <span class='ocrx_word' id='word_1_9' title='bbox 1115 565 1192 634; x_wconf 87' lang='lat' dir='ltr'><strong>inter</strong></span> <span class='ocrx_word' id='word_1_10' title='bbox 1214 569 1287 634; x_wconf 86' lang='lat' dir='ltr'><strong>Bac·</strong></span> 
     </span>
    </p>
   </div>
   <div class='ocr_carea' id='block_1_3' title="bbox 109 679 1288 1297">
    <p class='ocr_par' dir='ltr' id='par_1_3' title="bbox 109 679 1288 1064">
     <span class='ocr_line' id='line_1_3' title="bbox 109 679 1285 760; baseline 0.003 -22"><span class='ocrx_word' id='word_1_11' title='bbox 109 680 114 712; x_wconf 68' lang='lat'><strong>&#39;⁵</strong></span> <span class='ocrx_word' id='word_1_12' title='bbox 169 681 227 740; x_wconf 82' lang='lat' dir='ltr'><strong>um</strong></span> <span class='ocrx_word' id='word_1_13' title='bbox 244 686 496 760; x_wconf 86' lang='lat' dir='ltr'><strong>etHymenaeum,</strong></span> <span class='ocrx_word' id='word_1_14' title='bbox 515 702 589 759; x_wconf 85' lang='lat' dir='ltr'><strong>quas</strong></span> <span class='ocrx_word' id='word_1_15' title='bbox 613 702 685 741; x_wconf 90' lang='lat' dir='ltr'><strong>casu</strong></span> <span class='ocrx_word' id='word_1_16' title='bbox 709 694 789 742; x_wconf 89' lang='lat' dir='ltr'><strong>ortas</strong></span> <span class='ocrx_word' id='word_1_17' title='bbox 814 702 879 742; x_wconf 91' lang='lat' dir='ltr'><strong>esse</strong></span> <span class='ocrx_word' id='word_1_18' title='bbox 902 698 993 743; x_wconf 91' lang='lat' dir='ltr'><strong>nemo</strong></span> <span class='ocrx_word' id='word_1_19' title='bbox 1017 702 1090 742; x_wconf 88' lang='lat' dir='ltr'><strong>sane</strong></span> <span class='ocrx_word' id='word_1_20' title='bbox 1107 679 1285 741; x_wconf 76' lang='lat' dir='ltr'>contendet!</span> 
     </span>
     <span class='ocr_line' id='line_1_4' title="bbox 109 783 1288 867; baseline 0.001 -22"><span class='ocrx_word' id='word_1_21' title='bbox 109 783 118 819; x_wconf 56' lang='grc' dir='ltr'>Ξ</span> <span class='ocrx_word' id='word_1_22' title='bbox 169 787 211 846; x_wconf 86' lang='lat' dir='ltr'><strong>llee</strong></span> <span class='ocrx_word' id='word_1_23' title='bbox 234 809 289 850; x_wconf 92' lang='lat' dir='ltr'><strong>vero</strong></span> <span class='ocrx_word' id='word_1_24' title='bbox 317 792 378 850; x_wconf 92' lang='lat' dir='ltr'><strong>iam</strong></span> <span class='ocrx_word' id='word_1_25' title='bbox 411 790 450 849; x_wconf 87' lang='lat' dir='ltr'><strong>ab</strong></span> <span class='ocrx_word' id='word_1_26' title='bbox 482 791 564 849; x_wconf 91' lang='lat' dir='ltr'><strong>omni</strong></span> <span class='ocrx_word' id='word_1_27' title='bbox 588 801 674 867; x_wconf 86' lang='lat' dir='ltr'><strong>parte</strong></span> <span class='ocrx_word' id='word_1_28' title='bbox 697 791 831 866; x_wconf 83' lang='lat' dir='ltr'><strong>perfecta</strong></span> <span class='ocrx_word' id='word_1_29' title='bbox 854 800 899 850; x_wconf 92' lang='lat' dir='ltr'><strong>est</strong></span> <span class='ocrx_word' id='word_1_30' title='bbox 922 791 1059 866; x_wconf 83' lang='lat' dir='ltr'>quaestio</span> <span class='ocrx_word' id='word_1_31' title='bbox 1082 799 1194 860; x_wconf 85' lang='lat' dir='ltr'><strong>nostra,</strong></span> <span class='ocrx_word' id='word_1_32' title='bbox 1220 808 1288 847; x_wconf 94' lang='lat' dir='ltr'><strong>cum</strong></span> 
     </span>
     <span class='ocr_line' id='line_1_5' title="bbox 109 896 1287 973; baseline 0.005 -22"><span class='ocrx_word' id='word_1_33' title='bbox 109 920 112 927; x_wconf 93' lang='lat'>·</span> <span class='ocrx_word' id='word_1_34' title='bbox 169 896 261 956; x_wconf 85' lang='lat' dir='ltr'><strong>mudum</strong></span> <span class='ocrx_word' id='word_1_35' title='bbox 281 899 316 958; x_wconf 91' lang='lat' dir='ltr'><strong>de</strong></span> <span class='ocrx_word' id='word_1_36' title='bbox 346 899 451 957; x_wconf 91' lang='lat' dir='ltr'><strong>miro</strong></span> <span class='ocrx_word' id='word_1_37' title='bbox 476 898 786 957; x_wconf 85' lang='lat' dir='ltr'><strong>interfabulas</strong></span> <span class='ocrx_word' id='word_1_38' title='bbox 810 898 857 957; x_wconf 91' lang='lat' dir='ltr'><strong>de</strong></span> <span class='ocrx_word' id='word_1_39' title='bbox 880 899 1047 956; x_wconf 89' lang='lat' dir='ltr'><strong>Baccho</strong></span> <span class='ocrx_word' id='word_1_40' title='bbox 1081 907 1119 956; x_wconf 91' lang='lat' dir='ltr'><strong>et</strong></span> <span class='ocrx_word' id='word_1_41' title='bbox 1142 899 1287 973; x_wconf 88' lang='lat' dir='ltr'><strong>Hyme-</strong></span> 
     </span>
     <span class='ocr_line' id='line_1_6' title="bbox 109 997 801 1064; baseline 0.01 -8"><span class='ocrx_word' id='word_1_42' title='bbox 109 997 122 1034; x_wconf 42' lang='grc' dir='ltr'><strong>ἢ)</strong></span> <span class='ocrx_word' id='word_1_43' title='bbox 168 1018 237 1061; x_wconf 85' lang='lat' dir='ltr'><strong>uaeo</strong></span> <span class='ocrx_word' id='word_1_44' title='bbox 254 1005 370 1064; x_wconf 88' lang='lat' dir='ltr'><strong>traditas</strong></span> <span class='ocrx_word' id='word_1_45' title='bbox 393 1023 607 1064; x_wconf 86' lang='lat' dir='ltr'><strong>consensu</strong></span> <span class='ocrx_word' id='word_1_46' title='bbox 631 1004 801 1063; x_wconf 81' lang='lat' dir='ltr'><strong>dixerimus</strong></span> 
     </span>
    </p>

    <p class='ocr_par' dir='ltr' id='par_1_4' title="bbox 114 1103 1288 1301">
     <span class='ocr_line' id='line_1_7' title="bbox 114 1103 1288 1200; baseline 0 -30"><span class='ocrx_word' id='word_1_47' title='bbox 114 1103 122 1200; x_wconf 12' lang='grc' dir='ltr'><em>ζ</em></span> <span class='ocrx_word' id='word_1_48' title='bbox 238 1114 275 1170; x_wconf 87' lang='lat' dir='ltr'><strong>Ac</strong></span> <span class='ocrx_word' id='word_1_49' title='bbox 295 1113 424 1189; x_wconf 85' lang='lat' dir='ltr'><strong>primum</strong></span> <span class='ocrx_word' id='word_1_50' title='bbox 441 1113 566 1189; x_wconf 89' lang='lat' dir='ltr'><strong>quidem</strong></span> <span class='ocrx_word' id='word_1_51' title='bbox 580 1131 642 1171; x_wconf 91' lang='lat' dir='ltr'><strong>non</strong></span> <span class='ocrx_word' id='word_1_52' title='bbox 658 1112 956 1197; x_wconf 81' lang='lat' dir='ltr'><strong>praetermittendum</strong></span> <span class='ocrx_word' id='word_1_53' title='bbox 973 1131 1038 1172; x_wconf 90' lang='lat' dir='ltr'><strong>esse</strong></span> <span class='ocrx_word' id='word_1_54' title='bbox 1061 1112 1187 1182; x_wconf 90' lang='lat' dir='ltr'><strong>videtur,</strong></span> <span class='ocrx_word' id='word_1_55' title='bbox 1206 1111 1288 1187; x_wconf 92' lang='lat' dir='ltr'><strong>quod</strong></span> 
     </span>
     <span class='ocr_line' id='line_1_8' title="bbox 166 1212 1288 1297; baseline 0.003 -23.867"><span class='ocrx_word' id='word_1_56' title='bbox 166 1212 324 1297; x_wconf 72' lang='lat' dir='ltr'><strong>utiliusque</strong></span> <span class='ocrx_word' id='word_1_57' title='bbox 340 1221 390 1280; x_wconf 94' lang='lat' dir='ltr'><strong>dei</strong></span> <span class='ocrx_word' id='word_1_58' title='bbox 414 1220 523 1279; x_wconf 87' lang='lat' dir='ltr'><strong>fabulis</strong></span> <span class='ocrx_word' id='word_1_59' title='bbox 547 1219 764 1278; x_wconf 86' lang='lat' dir='ltr'><strong>maximam</strong></span> <span class='ocrx_word' id='word_1_60' title='bbox 788 1219 1052 1279; x_wconf 84' lang='lat' dir='ltr'><strong>animadvertimus</strong></span> <span class='ocrx_word' id='word_1_61' title='bbox 1075 1218 1288 1278; x_wconf 90' lang='lat' dir='ltr'><strong>laetitiam</strong></span> 
     </span>
    </p>
   </div>
   <div class='ocr_carea' id='block_1_4' title="bbox 109 1315 1387 1401">
    <p class='ocr_par' dir='ltr' id='par_1_5' title="bbox 109 1315 1387 1401">
     <span class='ocr_line' id='line_1_9' title="bbox 109 1315 1387 1401; baseline 0.018 -24"><span class='ocrx_word' id='word_1_62' title='bbox 109 1315 121 1351; x_wconf 66' lang='lat'><strong>‘³³&#39;</strong></span> <span class='ocrx_word' id='word_1_63' title='bbox 164 1327 363 1400; x_wconf 87' lang='lat' dir='ltr'><strong>oppositam</strong></span> <span class='ocrx_word' id='word_1_64' title='bbox 396 1346 577 1386; x_wconf 90' lang='lat' dir='ltr'><strong>summae</strong></span> <span class='ocrx_word' id='word_1_65' title='bbox 609 1326 865 1386; x_wconf 86' lang='lat' dir='ltr'><strong>tristitiae..</strong></span> <span class='ocrx_word' id='word_1_66' title='bbox 891 1324 979 1401; x_wconf 84' lang='lat' dir='ltr'><strong>Quae</strong></span> <span class='ocrx_word' id='word_1_67' title='bbox 1010 1346 1057 1386; x_wconf 91' lang='lat' dir='ltr'><strong>res</strong></span> <span class='ocrx_word' id='word_1_68' title='bbox 1090 1326 1120 1384; x_wconf 91' lang='lat' dir='ltr'><strong>in</strong></span> <span class='ocrx_word' id='word_1_69' title='bbox 1150 1327 1287 1396; x_wconf 71' lang='lat' dir='ltr'><strong>baccho,</strong></span> <span class='ocrx_word' id='word_1_70' title='bbox 1384 1374 1387 1381; x_wconf 91' lang='lat'>·</span> 
     </span>
    </p>
   </div>
   <div class='ocr_carea' id='block_1_5' title="bbox 109 1429 1389 3234">
    <p class='ocr_par' dir='ltr' id='par_1_6' title="bbox 109 1423 1389 3234">
     <span class='ocr_line' id='line_1_10' title="bbox 161 1429 1290 1512; baseline 0.003 -24.868"><span class='ocrx_word' id='word_1_71' title='bbox 161 1429 223 1491; x_wconf 82' lang='lat' dir='ltr'><strong>totiu</strong></span> <span class='ocrx_word' id='word_1_72' title='bbox 241 1445 357 1495; x_wconf 87' lang='lat' dir='ltr'><strong>naturae</strong></span> <span class='ocrx_word' id='word_1_73' title='bbox 380 1436 466 1512; x_wconf 88' lang='lat' dir='ltr'><strong>quasi</strong></span> <span class='ocrx_word' id='word_1_74' title='bbox 497 1434 609 1493; x_wconf 89' lang='lat' dir='ltr'><strong>arbitro</strong></span> <span class='ocrx_word' id='word_1_75' title='bbox 642 1449 678 1492; x_wconf 88' lang='lat' dir='ltr'><strong>ac</strong></span> <span class='ocrx_word' id='word_1_76' title='bbox 709 1435 843 1505; x_wconf 88' lang='lat' dir='ltr'><strong>custode,</strong></span> <span class='ocrx_word' id='word_1_77' title='bbox 876 1435 965 1493; x_wconf 86' lang='lat' dir='ltr'><strong>facile</strong></span> <span class='ocrx_word' id='word_1_78' title='bbox 993 1435 1166 1510; x_wconf 82' lang='lat' dir='ltr'><strong>explicatur.</strong></span> <span class='ocrx_word' id='word_1_79' title='bbox 1215 1435 1290 1492; x_wconf 87' lang='lat' dir='ltr'><strong>Sunt</strong></span> 
     </span>
     <span class='ocr_line' id='line_1_11' title="bbox 159 1537 1288 1618; baseline 0.004 -25"><span class='ocrx_word' id='word_1_80' title='bbox 159 1537 242 1600; x_wconf 88' lang='lat' dir='ltr'><strong>scilicet</strong></span> <span class='ocrx_word' id='word_1_81' title='bbox 267 1545 410 1602; x_wconf 85' lang='lat' dir='ltr'><strong>translata</strong></span> <span class='ocrx_word' id='word_1_82' title='bbox 447 1543 478 1600; x_wconf 92' lang='lat' dir='ltr'><strong>in</strong></span> <span class='ocrx_word' id='word_1_83' title='bbox 507 1561 575 1602; x_wconf 92' lang='lat' dir='ltr'><strong>eum</strong></span> <span class='ocrx_word' id='word_1_84' title='bbox 605 1542 771 1618; x_wconf 87' lang='lat' dir='ltr'><strong>symbolice</strong></span> <span class='ocrx_word' id='word_1_85' title='bbox 804 1542 921 1613; x_wconf 85' lang='lat' dir='ltr'><strong>omnia,</strong></span> <span class='ocrx_word' id='word_1_86' title='bbox 953 1561 1031 1618; x_wconf 91' lang='lat' dir='ltr'><strong>quae</strong></span> <span class='ocrx_word' id='word_1_87' title='bbox 1058 1552 1137 1601; x_wconf 87' lang='lat' dir='ltr'><strong>terra</strong></span> <span class='ocrx_word' id='word_1_88' title='bbox 1170 1540 1288 1617; x_wconf 89' lang='lat' dir='ltr'><strong>patitur.</strong></span> 
     </span>
     <span class='ocr_line' id='line_1_12' title="bbox 155 1630 1389 1734; baseline 0.002 -31"><span class='ocrx_word' id='word_1_89' title='bbox 155 1638 220 1704; x_wconf 84' lang='lat' dir='ltr'><strong>Haec</strong></span> <span class='ocrx_word' id='word_1_90' title='bbox 238 1650 311 1709; x_wconf 87' lang='lat' dir='ltr'><strong>enirn</strong></span> <span class='ocrx_word' id='word_1_91' title='bbox 332 1668 404 1709; x_wconf 89' lang='lat' dir='ltr'><strong>vere</strong></span> <span class='ocrx_word' id='word_1_92' title='bbox 426 1630 581 1726; x_wconf 82' lang='lat' dir='ltr'><strong>tamquam</strong></span> <span class='ocrx_word' id='word_1_93' title='bbox 605 1668 621 1709; x_wconf 94' lang='lat' dir='ltr'><strong>e</strong></span> <span class='ocrx_word' id='word_1_94' title='bbox 645 1668 753 1708; x_wconf 88' lang='lat' dir='ltr'><strong>somno</strong></span> <span class='ocrx_word' id='word_1_95' title='bbox 789 1649 871 1708; x_wconf 85' lang='lat' dir='ltr'><strong>letali</strong></span> <span class='ocrx_word' id='word_1_96' title='bbox 894 1649 1023 1708; x_wconf 89' lang='lat' dir='ltr'><strong>excitata</strong></span> <span class='ocrx_word' id='word_1_97' title='bbox 1046 1649 1139 1725; x_wconf 82' lang='lat' dir='ltr'><strong>surgit</strong></span> <span class='ocrx_word' id='word_1_98' title='bbox 1177 1648 1217 1707; x_wconf 85' lang='lat' dir='ltr'><strong>ad</strong></span> <span class='ocrx_word' id='word_1_99' title='bbox 1239 1666 1291 1706; x_wconf 81' lang='lat' dir='ltr'><strong>no·</strong></span> <span class='ocrx_word' id='word_1_100' title='bbox 1386 1726 1389 1734; x_wconf 91' lang='lat'><strong>.</strong></span> 
     </span>
     <span class='ocr_line' id='line_1_13' title="bbox 155 1751 1289 1834; baseline 0.002 -22"><span class='ocrx_word' id='word_1_101' title='bbox 155 1770 205 1812; x_wconf 82' lang='lat' dir='ltr'><strong>vam</strong></span> <span class='ocrx_word' id='word_1_102' title='bbox 217 1756 307 1826; x_wconf 86' lang='lat' dir='ltr'><strong>vitam,</strong></span> <span class='ocrx_word' id='word_1_103' title='bbox 324 1757 438 1834; x_wconf 89' lang='lat' dir='ltr'><strong>gaudio</strong></span> <span class='ocrx_word' id='word_1_104' title='bbox 461 1757 612 1815; x_wconf 88' lang='lat' dir='ltr'><strong>exsultans</strong></span> <span class='ocrx_word' id='word_1_105' title='bbox 628 1753 790 1816; x_wconf 86' lang='lat' dir='ltr'><strong>innumeris</strong></span> <span class='ocrx_word' id='word_1_106' title='bbox 808 1776 840 1815; x_wconf 89' lang='lat' dir='ltr'><strong>se</strong></span> <span class='ocrx_word' id='word_1_107' title='bbox 864 1767 951 1815; x_wconf 87' lang='lat' dir='ltr'><strong>omat</strong></span> <span class='ocrx_word' id='word_1_108' title='bbox 966 1751 1089 1815; x_wconf 87' lang='lat' dir='ltr'><strong>floribus</strong></span> <span class='ocrx_word' id='word_1_109' title='bbox 1113 1757 1289 1831; x_wconf 89' lang='lat' dir='ltr'><strong>herbisque;</strong></span> 
     </span>
     <span class='ocr_line' id='line_1_14' title="bbox 153 1858 1292 1941; baseline 0.002 -24"><span class='ocrx_word' id='word_1_110' title='bbox 153 1858 229 1922; x_wconf 86' lang='lat' dir='ltr'><strong>bieme</strong></span> <span class='ocrx_word' id='word_1_111' title='bbox 248 1882 317 1924; x_wconf 90' lang='lat' dir='ltr'><strong>vero</strong></span> <span class='ocrx_word' id='word_1_112' title='bbox 333 1865 597 1941; x_wconf 86' lang='lat' dir='ltr'><strong>appropinquante</strong></span> <span class='ocrx_word' id='word_1_113' title='bbox 613 1882 712 1923; x_wconf 91' lang='lat' dir='ltr'><strong>rursus</strong></span> <span class='ocrx_word' id='word_1_114' title='bbox 736 1883 843 1924; x_wconf 92' lang='lat' dir='ltr'><strong>somno</strong></span> <span class='ocrx_word' id='word_1_115' title='bbox 872 1865 1062 1941; x_wconf 89' lang='lat' dir='ltr'><strong>opprimitur:</strong></span> <span class='ocrx_word' id='word_1_116' title='bbox 1089 1883 1125 1923; x_wconf 89' lang='lat' dir='ltr'><strong>ac</strong></span> <span class='ocrx_word' id='word_1_117' title='bbox 1148 1863 1292 1923; x_wconf 89' lang='lat' dir='ltr'><strong>decidunt</strong></span> 
     </span>
     <span class='ocr_line' id='line_1_15' title="bbox 151 1967 1293 2049; baseline 0.003 -24"><span class='ocrx_word' id='word_1_118' title='bbox 151 1967 205 2028; x_wconf 83' lang='lat' dir='ltr'><strong>iulia</strong></span> <span class='ocrx_word' id='word_1_119' title='bbox 231 1990 264 2031; x_wconf 87' lang='lat' dir='ltr'><strong>ex</strong></span> <span class='ocrx_word' id='word_1_120' title='bbox 295 1972 470 2044; x_wconf 87' lang='lat' dir='ltr'><strong>arboribus,</strong></span> <span class='ocrx_word' id='word_1_121' title='bbox 503 1973 600 2032; x_wconf 84' lang='lat' dir='ltr'><strong>sontes</strong></span> <span class='ocrx_word' id='word_1_122' title='bbox 633 1974 747 2032; x_wconf 89' lang='lat' dir='ltr'><strong>nullum</strong></span> <span class='ocrx_word' id='word_1_123' title='bbox 778 1973 839 2031; x_wconf 91' lang='lat' dir='ltr'><strong>iam</strong></span> <span class='ocrx_word' id='word_1_124' title='bbox 863 1973 1016 2049; x_wconf 92' lang='lat' dir='ltr'><strong>strepitum</strong></span> <span class='ocrx_word' id='word_1_125' title='bbox 1041 1971 1142 2042; x_wconf 90' lang='lat' dir='ltr'><strong>edunt,</strong></span> <span class='ocrx_word' id='word_1_126' title='bbox 1168 1971 1293 2030; x_wconf 92' lang='lat' dir='ltr'><strong>immota</strong></span> 
     </span>
     <span class='ocr_line' id='line_1_16' title="bbox 148 2074 1291 2156; baseline 0.002 -23"><span class='ocrx_word' id='word_1_127' title='bbox 148 2074 225 2136; x_wconf 89' lang='lat' dir='ltr'><strong>iacent</strong></span> <span class='ocrx_word' id='word_1_128' title='bbox 246 2079 369 2139; x_wconf 91' lang='lat' dir='ltr'><strong>flumina</strong></span> <span class='ocrx_word' id='word_1_129' title='bbox 391 2081 545 2156; x_wconf 84' lang='lat' dir='ltr'><strong>lacusque,</strong></span> <span class='ocrx_word' id='word_1_130' title='bbox 562 2089 625 2138; x_wconf 90' lang='lat' dir='ltr'><strong>tota</strong></span> <span class='ocrx_word' id='word_1_131' title='bbox 648 2089 755 2138; x_wconf 87' lang='lat' dir='ltr'><strong>natura</strong></span> <span class='ocrx_word' id='word_1_132' title='bbox 778 2090 861 2137; x_wconf 88' lang='lat' dir='ltr'><strong>muta</strong></span> <span class='ocrx_word' id='word_1_133' title='bbox 884 2090 913 2138; x_wconf 88' lang='lat' dir='ltr'><strong>et</strong></span> <span class='ocrx_word' id='word_1_134' title='bbox 936 2090 1054 2138; x_wconf 85' lang='lat' dir='ltr'><strong>mortua</strong></span> <span class='ocrx_word' id='word_1_135' title='bbox 1077 2097 1142 2138; x_wconf 90' lang='lat' dir='ltr'><strong>esse</strong></span> <span class='ocrx_word' id='word_1_136' title='bbox 1165 2078 1291 2136; x_wconf 86' lang='lat' dir='ltr'><strong>videtur.</strong></span> 
     </span>
     <span class='ocr_line' id='line_1_17' title="bbox 147 2184 1292 2261; baseline 0 -19"><span class='ocrx_word' id='word_1_137' title='bbox 147 2184 307 2245; x_wconf 89' lang='lat' dir='ltr'><strong>Hominibus</strong></span> <span class='ocrx_word' id='word_1_138' title='bbox 331 2198 431 2246; x_wconf 90' lang='lat' dir='ltr'><strong>autem</strong></span> <span class='ocrx_word' id='word_1_139' title='bbox 455 2196 579 2246; x_wconf 86' lang='lat' dir='ltr'><strong>naturae</strong></span> <span class='ocrx_word' id='word_1_140' title='bbox 603 2187 702 2245; x_wconf 90' lang='lat' dir='ltr'><strong>subita</strong></span> <span class='ocrx_word' id='word_1_141' title='bbox 725 2186 851 2245; x_wconf 88' lang='lat' dir='ltr'><strong>mutatio</strong></span> <span class='ocrx_word' id='word_1_142' title='bbox 875 2186 1011 2244; x_wconf 90' lang='lat' dir='ltr'><strong>dolorem</strong></span> <span class='ocrx_word' id='word_1_143' title='bbox 1045 2204 1135 2261; x_wconf 91' lang='lat' dir='ltr'><strong>quam</strong></span> <span class='ocrx_word' id='word_1_144' title='bbox 1165 2184 1292 2243; x_wconf 89' lang='lat' dir='ltr'><strong>acerbis·</strong></span> 
     </span>
     <span class='ocr_line' id='line_1_18' title="bbox 143 2276 1292 2370; baseline 0 -21"><span class='ocrx_word' id='word_1_145' title='bbox 143 2291 232 2352; x_wconf 86' lang='lat' dir='ltr'><strong>simum</strong></span> <span class='ocrx_word' id='word_1_146' title='bbox 266 2294 373 2353; x_wconf 89' lang='lat' dir='ltr'><strong>inurit:</strong></span> <span class='ocrx_word' id='word_1_147' title='bbox 406 2292 509 2354; x_wconf 90' lang='lat' dir='ltr'><strong>vident</strong></span> <span class='ocrx_word' id='word_1_148' title='bbox 540 2294 643 2353; x_wconf 88' lang='lat' dir='ltr'><strong>omnia</strong></span> <span class='ocrx_word' id='word_1_149' title='bbox 673 2291 755 2370; x_wconf 85' lang='lat' dir='ltr'><strong>¹quae</strong></span> <span class='ocrx_word' id='word_1_150' title='bbox 779 2276 878 2352; x_wconf 68' lang='lat' dir='ltr'><strong>⁴modo</strong></span> <span class='ocrx_word' id='word_1_151' title='bbox 902 2295 979 2352; x_wconf 83' lang='lat' dir='ltr'><strong>laete</strong></span> <span class='ocrx_word' id='word_1_152' title='bbox 1003 2292 1160 2363; x_wconf 86' lang='lat' dir='ltr'><strong>florebant,</strong></span> <span class='ocrx_word' id='word_1_153' title='bbox 1186 2291 1292 2367; x_wconf 86' lang='lat' dir='ltr'><strong>perire,</strong></span> 
     </span>
     <span class='ocr_line' id='line_1_19' title="bbox 138 2399 1293 2462; baseline 0 -5"><span class='ocrx_word' id='word_1_154' title='bbox 138 2399 268 2460; x_wconf 87' lang='lat' dir='ltr'><strong>laetitiam</strong></span> <span class='ocrx_word' id='word_1_155' title='bbox 291 2403 366 2462; x_wconf 90' lang='lat' dir='ltr'><strong>verti</strong></span> <span class='ocrx_word' id='word_1_156' title='bbox 390 2402 421 2460; x_wconf 93' lang='lat' dir='ltr'><strong>in</strong></span> <span class='ocrx_word' id='word_1_157' title='bbox 444 2401 601 2461; x_wconf 89' lang='lat' dir='ltr'><strong>tristitiam.</strong></span> <span class='ocrx_word' id='word_1_158' title='bbox 650 2404 740 2460; x_wconf 89' lang='lat' dir='ltr'><strong>Hanc</strong></span> <span class='ocrx_word' id='word_1_159' title='bbox 764 2420 861 2461; x_wconf 89' lang='lat' dir='ltr'><strong>rerum</strong></span> <span class='ocrx_word' id='word_1_160' title='bbox 889 2401 1125 2460; x_wconf 88' lang='lat' dir='ltr'><strong>vicissitudinem</strong></span> <span class='ocrx_word' id='word_1_161' title='bbox 1158 2400 1189 2458; x_wconf 89' lang='lat' dir='ltr'><strong>in</strong></span> <span class='ocrx_word' id='word_1_162' title='bbox 1221 2401 1293 2458; x_wconf 90' lang='lat' dir='ltr'><strong>Bae·</strong></span> 
     </span>
     <span class='ocr_line' id='line_1_20' title="bbox 109 2505 1295 2586; baseline 0 -20"><span class='ocrx_word' id='word_1_163' title='bbox 109 2509 211 2568; x_wconf 85' lang='lat' dir='ltr'><strong>¹chum</strong></span> <span class='ocrx_word' id='word_1_164' title='bbox 243 2511 341 2586; x_wconf 91' lang='lat' dir='ltr'><strong>ipsum</strong></span> <span class='ocrx_word' id='word_1_165' title='bbox 373 2510 583 2569; x_wconf 85' lang='lat' dir='ltr'><strong>transferentes</strong></span> <span class='ocrx_word' id='word_1_166' title='bbox 616 2509 725 2568; x_wconf 86' lang='lat' dir='ltr'><strong>Graeci</strong></span> <span class='ocrx_word' id='word_1_167' title='bbox 757 2528 825 2568; x_wconf 88' lang='lat' dir='ltr'><strong>eum</strong></span> <span class='ocrx_word' id='word_1_168' title='bbox 856 2509 955 2568; x_wconf 89' lang='lat' dir='ltr'><strong>hieme</strong></span> <span class='ocrx_word' id='word_1_169' title='bbox 985 2509 1095 2584; x_wconf 87' lang='lat' dir='ltr'><strong>fugisse</strong></span> <span class='ocrx_word' id='word_1_170' title='bbox 1124 2509 1171 2567; x_wconf 91' lang='lat' dir='ltr'><strong>vel</strong></span> <span class='ocrx_word' id='word_1_171' title='bbox 1195 2505 1295 2567; x_wconf 90' lang='lat' dir='ltr'><strong>subita</strong></span> 
     </span>
     <span class='ocr_line' id='line_1_21' title="bbox 129 2616 1295 2693; baseline -0.003 -17"><span class='ocrx_word' id='word_1_172' title='bbox 129 2628 216 2678; x_wconf 89' lang='lat' dir='ltr'><strong>morte</strong></span> <span class='ocrx_word' id='word_1_173' title='bbox 242 2635 420 2693; x_wconf 90' lang='lat' dir='ltr'><strong>oppressum</strong></span> <span class='ocrx_word' id='word_1_174' title='bbox 444 2636 518 2688; x_wconf 88' lang='lat' dir='ltr'><strong>esse,</strong></span> <span class='ocrx_word' id='word_1_175' title='bbox 544 2635 613 2676; x_wconf 89' lang='lat' dir='ltr'><strong>vere</strong></span> <span class='ocrx_word' id='word_1_176' title='bbox 637 2617 735 2676; x_wconf 90' lang='lat' dir='ltr'><strong>redire</strong></span> <span class='ocrx_word' id='word_1_177' title='bbox 756 2616 868 2693; x_wconf 88' lang='lat' dir='ltr'><strong>gaudio</strong></span> <span class='ocrx_word' id='word_1_178' title='bbox 899 2616 1073 2692; x_wconf 90' lang='lat' dir='ltr'><strong>laetitiaque</strong></span> <span class='ocrx_word' id='word_1_179' title='bbox 1098 2616 1295 2674; x_wconf 88' lang='lat' dir='ltr'><strong>exsultantem</strong></span> 
     </span>
     <span class='ocr_line' id='line_1_22' title="bbox 126 2721 1295 2803; baseline -0.001 -21"><span class='ocrx_word' id='word_1_180' title='bbox 126 2726 299 2785; x_wconf 88' lang='lat' dir='ltr'><strong>credebaut.</strong></span> <span class='ocrx_word' id='word_1_181' title='bbox 315 2721 338 2803; x_wconf 87' lang='lat'><strong>¹)</strong></span> <span class='ocrx_word' id='word_1_182' title='bbox 363 2759 405 2766; x_wconf 91' lang='lat'><strong>--</strong></span> <span class='ocrx_word' id='word_1_183' title='bbox 430 2724 533 2783; x_wconf 91' lang='lat' dir='ltr'><strong>Simile</strong></span> <span class='ocrx_word' id='word_1_184' title='bbox 557 2724 630 2800; x_wconf 91' lang='lat' dir='ltr'><strong>quid</strong></span> <span class='ocrx_word' id='word_1_185' title='bbox 653 2725 684 2782; x_wconf 92' lang='lat' dir='ltr'><strong>in</strong></span> <span class='ocrx_word' id='word_1_186' title='bbox 708 2726 886 2800; x_wconf 90' lang='lat' dir='ltr'><strong>Hymenaeo</strong></span> <span class='ocrx_word' id='word_1_187' title='bbox 911 2724 1087 2782; x_wconf 78' lang='lat' dir='ltr'><strong>invenimus</strong></span> <span class='ocrx_word' id='word_1_188' title='bbox 1134 2723 1213 2782; x_wconf 91' lang='lat' dir='ltr'><strong>Nam</strong></span> <span class='ocrx_word' id='word_1_189' title='bbox 1236 2723 1295 2781; x_wconf 85' lang='lat' dir='ltr'><strong>lae·</strong></span> 
     </span>
     <span class='ocr_line' id='line_1_23' title="bbox 121 2829 1296 2907; baseline -0.005 -14"><span class='ocrx_word' id='word_1_190' title='bbox 121 2846 217 2894; x_wconf 89' lang='lat' dir='ltr'><strong>tarum</strong></span> <span class='ocrx_word' id='word_1_191' title='bbox 256 2832 330 2890; x_wconf 91' lang='lat' dir='ltr'><strong>deus</strong></span> <span class='ocrx_word' id='word_1_192' title='bbox 365 2831 546 2906; x_wconf 86' lang='lat' dir='ltr'><strong>nuptiarum,</strong></span> <span class='ocrx_word' id='word_1_193' title='bbox 572 2842 603 2889; x_wconf 91' lang='lat' dir='ltr'><strong>ut</strong></span> <span class='ocrx_word' id='word_1_194' title='bbox 639 2849 729 2907; x_wconf 91' lang='lat' dir='ltr'><strong>supra</strong></span> <span class='ocrx_word' id='word_1_195' title='bbox 751 2831 896 2902; x_wconf 86' lang='lat' dir='ltr'><strong>vidimus,</strong></span> <span class='ocrx_word' id='word_1_196' title='bbox 922 2830 952 2889; x_wconf 92' lang='lat' dir='ltr'><strong>in</strong></span> <span class='ocrx_word' id='word_1_197' title='bbox 976 2830 1084 2889; x_wconf 85' lang='lat' dir='ltr'><strong>fabulis</strong></span> <span class='ocrx_word' id='word_1_198' title='bbox 1115 2829 1296 2905; x_wconf 91' lang='lat' dir='ltr'><strong>quibusdam</strong></span> 
     </span>
     <span class='ocr_line' id='line_1_24' title="bbox 118 2938 1296 3014; baseline -0.005 -13"><span class='ocrx_word' id='word_1_199' title='bbox 118 2942 304 3001; x_wconf 82' lang='lat' dir='ltr'><strong>adulescens</strong></span> <span class='ocrx_word' id='word_1_200' title='bbox 327 2948 518 3014; x_wconf 87' lang='lat' dir='ltr'><strong>praematura</strong></span> <span class='ocrx_word' id='word_1_201' title='bbox 541 2948 636 2997; x_wconf 92' lang='lat' dir='ltr'><strong>morte</strong></span> <span class='ocrx_word' id='word_1_202' title='bbox 668 2938 835 3014; x_wconf 86' lang='lat' dir='ltr'><strong>exspirasse</strong></span> <span class='ocrx_word' id='word_1_203' title='bbox 869 2938 1033 2998; x_wconf 89' lang='lat' dir='ltr'><strong>dicebatur.</strong></span> <span class='ocrx_word' id='word_1_204' title='bbox 1082 2938 1165 3012; x_wconf 86' lang='lat' dir='ltr'><strong>Quid</strong></span> <span class='ocrx_word' id='word_1_205' title='bbox 1195 2948 1296 2996; x_wconf 89' lang='lat' dir='ltr'><strong>autem</strong></span> 
     </span>
     <span class='ocr_line' id='line_1_25' title="bbox 114 3045 1295 3121; baseline -0.007 -12"><span class='ocrx_word' id='word_1_206' title='bbox 114 3049 176 3109; x_wconf 86' lang='lat' dir='ltr'><strong>sibi</strong></span> <span class='ocrx_word' id='word_1_207' title='bbox 200 3047 271 3105; x_wconf 92' lang='lat' dir='ltr'><strong>vult</strong></span> <span class='ocrx_word' id='word_1_208' title='bbox 293 3045 411 3104; x_wconf 90' lang='lat' dir='ltr'><strong>tristitia</strong></span> <span class='ocrx_word' id='word_1_209' title='bbox 435 3045 486 3104; x_wconf 88' lang='lat' dir='ltr'><strong>illa</strong></span> <span class='ocrx_word' id='word_1_210' title='bbox 508 3045 540 3104; x_wconf 91' lang='lat' dir='ltr'><strong>in</strong></span> <span class='ocrx_word' id='word_1_211' title='bbox 563 3049 753 3121; x_wconf 88' lang='lat' dir='ltr'><strong>Hymenae0,</strong></span> <span class='ocrx_word' id='word_1_212' title='bbox 778 3047 837 3105; x_wconf 94' lang='lat' dir='ltr'><strong>deo</strong></span> <span class='ocrx_word' id='word_1_213' title='bbox 862 3065 996 3105; x_wconf 89' lang='lat' dir='ltr'><strong>summae</strong></span> <span class='ocrx_word' id='word_1_214' title='bbox 1020 3045 1178 3104; x_wconf 75' lang='lat' dir='ltr'><strong>laetitiae?</strong></span> <span class='ocrx_word' id='word_1_215' title='bbox 1215 3045 1295 3103; x_wconf 88' lang='lat' dir='ltr'><strong>Nam</strong></span> 
     </span>
     <span class='ocr_line' id='line_1_26' title="bbox 114 3149 1294 3234; baseline -0.007 -17"><span class='ocrx_word' id='word_1_216' title='bbox 114 3153 343 3234; x_wconf 87' lang='lat' dir='ltr'><strong>explicationes</strong></span> <span class='ocrx_word' id='word_1_217' title='bbox 378 3153 457 3224; x_wconf 88' lang='lat' dir='ltr'><strong>illae,</strong></span> <span class='ocrx_word' id='word_1_218' title='bbox 495 3172 569 3229; x_wconf 89' lang='lat' dir='ltr'><strong>quas</strong></span> <span class='ocrx_word' id='word_1_219' title='bbox 593 3154 766 3213; x_wconf 89' lang='lat' dir='ltr'><strong>Welckerus</strong></span> <span class='ocrx_word' id='word_1_220' title='bbox 781 3149 805 3232; x_wconf 77' lang='lat'><strong>²)</strong></span> <span class='ocrx_word' id='word_1_221' title='bbox 828 3154 1035 3229; x_wconf 89' lang='lat' dir='ltr'><strong>Prellerusque</strong></span> <span class='ocrx_word' id='word_1_222' title='bbox 1066 3161 1294 3228; x_wconf 88' lang='lat' dir='ltr'><strong>proposuerunt,</strong></span> 
     </span>
    </p>
   </div>
   <div class='ocr_carea' id='block_1_6' title="bbox 112 3398 1300 4543">
    <p class='ocr_par' dir='ltr' id='par_1_7' title="bbox 112 3398 1295 3650">
     <span class='ocr_line' id='line_1_27' title="bbox 112 3398 1295 3473; baseline -0.008 -18"><span class='ocrx_word' id='word_1_223' title='bbox 112 3408 179 3457; x_wconf 85' lang='lat' dir='ltr'><strong>trius</strong></span> <span class='ocrx_word' id='word_1_224' title='bbox 200 3402 249 3473; x_wconf 89' lang='lat' dir='ltr'><strong>(de</strong></span> <span class='ocrx_word' id='word_1_225' title='bbox 268 3402 333 3452; x_wconf 88' lang='lat' dir='ltr'><strong>eloc.</strong></span> <span class='ocrx_word' id='word_1_226' title='bbox 357 3400 422 3468; x_wconf 86' lang='lat'>167)</span> <span class='ocrx_word' id='word_1_227' title='bbox 442 3401 474 3451; x_wconf 88' lang='lat' dir='ltr'><strong>de</strong></span> <span class='ocrx_word' id='word_1_228' title='bbox 487 3401 603 3466; x_wconf 84' lang='lat' dir='ltr'><strong>Sapphus</strong></span> <span class='ocrx_word' id='word_1_229' title='bbox 621 3402 784 3466; x_wconf 78' lang='lat' dir='ltr'><strong>hymenaeis3</strong></span> <span class='ocrx_word' id='word_1_230' title='bbox 807 3403 839 3451; x_wconf 88' lang='lat' dir='ltr'><strong>cf.</strong></span> <span class='ocrx_word' id='word_1_231' title='bbox 856 3402 933 3452; x_wconf 83' lang='lat' dir='ltr'><strong>etiam</strong></span> <span class='ocrx_word' id='word_1_232' title='bbox 953 3401 1023 3452; x_wconf 85' lang='lat' dir='ltr'><strong>Suid.</strong></span> <span class='ocrx_word' id='word_1_233' title='bbox 1044 3417 1065 3450; x_wconf 89' lang='lat' dir='ltr'><strong>s.</strong></span> <span class='ocrx_word' id='word_1_234' title='bbox 1086 3417 1111 3450; x_wconf 89' lang='lat' dir='ltr'><strong>v.</strong></span> <span class='ocrx_word' id='word_1_235' title='bbox 1133 3399 1196 3458; x_wconf 48' lang='lat' dir='ltr'><strong>dein</strong></span> <span class='ocrx_word' id='word_1_236' title='bbox 1214 3398 1295 3447; x_wconf 91' lang='lat' dir='ltr'><strong>schol.</strong></span> 
     </span>
     <span class='ocr_line' id='line_1_28' title="bbox 113 3488 1291 3556; baseline -0.008 -10"><span class='ocrx_word' id='word_1_237' title='bbox 113 3497 149 3546; x_wconf 88' lang='lat' dir='ltr'><strong>ad</strong></span> <span class='ocrx_word' id='word_1_238' title='bbox 182 3494 268 3544; x_wconf 89' lang='lat' dir='ltr'><strong>Rhes.</strong></span> <span class='ocrx_word' id='word_1_239' title='bbox 297 3508 323 3541; x_wconf 86' lang='lat' dir='ltr'><strong>v.</strong></span> <span class='ocrx_word' id='word_1_240' title='bbox 357 3493 423 3556; x_wconf 78' lang='lat'>8953</span> <span class='ocrx_word' id='word_1_241' title='bbox 469 3492 598 3556; x_wconf 83' lang='lat' dir='ltr'><strong>Hartnng,</strong></span> <span class='ocrx_word' id='word_1_242' title='bbox 632 3493 724 3543; x_wconf 80' lang='lat' dir='ltr'><strong>Philol.</strong></span> <span class='ocrx_word' id='word_1_243' title='bbox 756 3492 783 3542; x_wconf 95' lang='lat' dir='ltr'><strong>lll</strong></span> <span class='ocrx_word' id='word_1_244' title='bbox 811 3508 838 3556; x_wconf 86' lang='lat' dir='ltr'><strong>p.</strong></span> <span class='ocrx_word' id='word_1_245' title='bbox 873 3492 934 3555; x_wconf 85' lang='lat'><strong>238.</strong></span> <span class='ocrx_word' id='word_1_246' title='bbox 973 3489 1134 3556; x_wconf 78' lang='lat' dir='ltr'><strong>Bernhardy,</strong></span> <span class='ocrx_word' id='word_1_247' title='bbox 1165 3505 1202 3554; x_wconf 83' lang='lat' dir='ltr'><strong>gr.</strong></span> <span class='ocrx_word' id='word_1_248' title='bbox 1234 3488 1291 3537; x_wconf 92' lang='lat' dir='ltr'><strong>Lit.</strong></span> 
     </span>
     <span class='ocr_line' id='line_1_29' title="bbox 113 3588 274 3650; baseline -0.037 0"><span class='ocrx_word' id='word_1_249' title='bbox 113 3588 134 3635; x_wconf 74' lang='grc' dir='ltr'>Π</span> <span class='ocrx_word' id='word_1_250' title='bbox 154 3600 182 3650; x_wconf 85' lang='lat' dir='ltr'><strong>P·</strong></span> <span class='ocrx_word' id='word_1_251' title='bbox 208 3592 274 3647; x_wconf 83' lang='lat'><strong>570·</strong></span> 
     </span>
    </p>

    <p class='ocr_par' dir='ltr' id='par_1_8' title="bbox 115 3667 1300 4364">
     <span class='ocr_line' id='line_1_30' title="bbox 236 3667 1297 3738; baseline -0.003 -18"><span class='ocrx_word' id='word_1_252' title='bbox 236 3667 256 3738; x_wconf 87' lang='lat'><strong>1)</strong></span> <span class='ocrx_word' id='word_1_253' title='bbox 275 3671 305 3720; x_wconf 90' lang='lat' dir='ltr'><strong>In</strong></span> <span class='ocrx_word' id='word_1_254' title='bbox 323 3670 435 3721; x_wconf 84' lang='lat' dir='ltr'><strong>Ariadne</strong></span> <span class='ocrx_word' id='word_1_255' title='bbox 453 3687 553 3736; x_wconf 88' lang='lat' dir='ltr'><strong>quoque</strong></span> <span class='ocrx_word' id='word_1_256' title='bbox 572 3671 694 3721; x_wconf 86' lang='lat' dir='ltr'><strong>artissime</strong></span> <span class='ocrx_word' id='word_1_257' title='bbox 713 3687 769 3720; x_wconf 88' lang='lat' dir='ltr'><strong>cum</strong></span> <span class='ocrx_word' id='word_1_258' title='bbox 782 3671 882 3721; x_wconf 88' lang='lat' dir='ltr'><strong>Baccho</strong></span> <span class='ocrx_word' id='word_1_259' title='bbox 901 3670 1035 3719; x_wconf 90' lang='lat' dir='ltr'><strong>coniuncta</strong></span> <span class='ocrx_word' id='word_1_260' title='bbox 1053 3669 1163 3718; x_wconf 88' lang='lat' dir='ltr'><strong>eandem</strong></span> <span class='ocrx_word' id='word_1_261' title='bbox 1182 3668 1297 3718; x_wconf 84' lang='lat' dir='ltr'><strong>videmus</strong></span> 
     </span>
     <span class='ocr_line' id='line_1_31' title="bbox 115 3758 1297 3825; baseline -0.006 -9"><span class='ocrx_word' id='word_1_262' title='bbox 115 3764 238 3815; x_wconf 80' lang='lat' dir='ltr'><strong>laetitiae</strong></span> <span class='ocrx_word' id='word_1_263' title='bbox 256 3760 400 3825; x_wconf 86' lang='lat' dir='ltr'><strong>dolorisque</strong></span> <span class='ocrx_word' id='word_1_264' title='bbox 419 3760 624 3811; x_wconf 87' lang='lat' dir='ltr'><strong>vicissitudinem.</strong></span> <span class='ocrx_word' id='word_1_265' title='bbox 646 3761 687 3810; x_wconf 80' lang='lat' dir='ltr'><strong>Cf.</strong></span> <span class='ocrx_word' id='word_1_266' title='bbox 709 3762 774 3811; x_wconf 92' lang='lat' dir='ltr'><strong>Plut.</strong></span> <span class='ocrx_word' id='word_1_267' title='bbox 795 3761 873 3810; x_wconf 90' lang='lat' dir='ltr'><strong>Thes.</strong></span> <span class='ocrx_word' id='word_1_268' title='bbox 896 3774 938 3809; x_wconf 88' lang='lat'><strong>20.</strong></span> <span class='ocrx_word' id='word_1_269' title='bbox 969 3787 1002 3796; x_wconf 94' lang='lat'>-</span> <span class='ocrx_word' id='word_1_270' title='bbox 1033 3759 1158 3823; x_wconf 83' lang='lat' dir='ltr'><strong>Phrygum</strong></span> <span class='ocrx_word' id='word_1_271' title='bbox 1177 3758 1297 3823; x_wconf 85' lang='lat' dir='ltr'><strong>opinione</strong></span> 
     </span>
     <span class='ocr_line' id='line_1_32' title="bbox 119 3844 1297 3918; baseline -0.004 -14"><span class='ocrx_word' id='word_1_272' title='bbox 119 3853 243 3904; x_wconf 83' lang='lat' dir='ltr'><strong>Bacchus</strong></span> <span class='ocrx_word' id='word_1_273' title='bbox 266 3849 349 3898; x_wconf 86' lang='lat' dir='ltr'><strong>hieme</strong></span> <span class='ocrx_word' id='word_1_274' title='bbox 375 3849 502 3899; x_wconf 82' lang='lat' dir='ltr'><strong>dormiens</strong></span> <span class='ocrx_word' id='word_1_275' title='bbox 527 3867 584 3900; x_wconf 89' lang='lat' dir='ltr'><strong>vere</strong></span> <span class='ocrx_word' id='word_1_276' title='bbox 603 3851 746 3901; x_wconf 88' lang='lat' dir='ltr'><strong>solvebatur</strong></span> <span class='ocrx_word' id='word_1_277' title='bbox 771 3867 861 3900; x_wconf 91' lang='lat' dir='ltr'><strong>somno</strong></span> <span class='ocrx_word' id='word_1_278' title='bbox 886 3849 962 3917; x_wconf 88' lang='lat' dir='ltr'><strong>(Plut.</strong></span> <span class='ocrx_word' id='word_1_279' title='bbox 983 3851 1017 3899; x_wconf 90' lang='lat' dir='ltr'><strong>Is.</strong></span> <span class='ocrx_word' id='word_1_280' title='bbox 1050 3857 1074 3898; x_wconf 91' lang='lat' dir='ltr'><strong>et</strong></span> <span class='ocrx_word' id='word_1_281' title='bbox 1093 3848 1138 3898; x_wconf 88' lang='lat' dir='ltr'><strong>Os.</strong></span> <span class='ocrx_word' id='word_1_282' title='bbox 1160 3849 1207 3910; x_wconf 86' lang='lat'><strong>69:</strong></span> <span class='ocrx_word' id='word_1_283' title='bbox 1227 3844 1297 3918; x_wconf 76' lang='grc' dir='ltr'><em>Φρύ-</em></span> 
     </span>
     <span class='ocr_line' id='line_1_33' title="bbox 118 3934 1300 4013; baseline -0.004 -19"><span class='ocrx_word' id='word_1_284' title='bbox 118 3961 166 4013; x_wconf 71' lang='grc' dir='ltr'><strong>γες</strong></span> <span class='ocrx_word' id='word_1_285' title='bbox 184 3940 220 3993; x_wconf 67' lang='grc' dir='ltr'><strong>δὲ</strong></span> <span class='ocrx_word' id='word_1_286' title='bbox 238 3935 288 3991; x_wconf 70' lang='grc' dir='ltr'><strong>τὸν</strong></span> <span class='ocrx_word' id='word_1_287' title='bbox 304 3934 372 3990; x_wconf 68' lang='grc' dir='ltr'><strong>θεὸν</strong></span> <span class='ocrx_word' id='word_1_288' title='bbox 389 3934 507 4009; x_wconf 73' lang='grc' dir='ltr'><strong>οἰόμενοι</strong></span> <span class='ocrx_word' id='word_1_289' title='bbox 529 3944 665 4010; x_wconf 76' lang='grc' dir='ltr'><strong>χειμῶνος</strong></span> <span class='ocrx_word' id='word_1_290' title='bbox 694 3939 849 4004; x_wconf 67' lang='grc' dir='ltr'><strong>καθεύδειν,</strong></span> <span class='ocrx_word' id='word_1_291' title='bbox 879 3943 978 4009; x_wconf 71' lang='grc' dir='ltr'><strong><em>θέρους</em></strong></span> <span class='ocrx_word' id='word_1_292' title='bbox 1003 3938 1217 4008; x_wconf 60' lang='grc' dir='ltr'><em>(Γὲγρηγορίναι,</em></span> <span class='ocrx_word' id='word_1_293' title='bbox 1241 3937 1300 3989; x_wconf 78' lang='grc' dir='ltr'><strong>τοτὲ</strong></span> 
     </span>
     <span class='ocr_line' id='line_1_34' title="bbox 119 4023 1298 4101; baseline -0.004 -18"><span class='ocrx_word' id='word_1_294' title='bbox 119 4031 172 4101; x_wconf 73' lang='grc' dir='ltr'><strong>μὲν</strong></span> <span class='ocrx_word' id='word_1_295' title='bbox 191 4025 474 4099; x_wconf 69' lang='grc' dir='ltr'><em>κατευνασμοῠς,</em></span> <span class='ocrx_word' id='word_1_296' title='bbox 500 4028 559 4079; x_wconf 73' lang='grc' dir='ltr'><strong>τοτὲ</strong></span> <span class='ocrx_word' id='word_1_297' title='bbox 586 4029 610 4080; x_wconf 71' lang='lat' dir='ltr'><strong>d</strong></span> <span class='ocrx_word' id='word_1_298' title='bbox 636 4026 848 4098; x_wconf 70' lang='grc' dir='ltr'><strong>ἀνεγέρσεις</strong></span> <span class='ocrx_word' id='word_1_299' title='bbox 873 4023 1050 4100; x_wconf 75' lang='grc' dir='ltr'><strong><em>βακχεύοντες</em></strong></span> <span class='ocrx_word' id='word_1_300' title='bbox 1077 4024 1150 4098; x_wconf 74' lang='grc' dir='ltr'><strong>αὐτῷ</strong></span> <span class='ocrx_word' id='word_1_301' title='bbox 1174 4027 1298 4094; x_wconf 75' lang='grc' dir='ltr'>τελοῦσι.)</span> 
     </span>
     <span class='ocr_line' id='line_1_35' title="bbox 122 4118 1299 4183; baseline -0.005 -12"><span class='ocrx_word' id='word_1_302' title='bbox 122 4123 262 4171; x_wconf 85' lang='lat' dir='ltr'><strong>Habemus</strong></span> <span class='ocrx_word' id='word_1_303' title='bbox 281 4126 372 4178; x_wconf 83' lang='lat' dir='ltr'><strong>autem¹</strong></span> <span class='ocrx_word' id='word_1_304' title='bbox 389 4119 436 4168; x_wconf 87' lang='lat' dir='ltr'><strong>etsi</strong></span> <span class='ocrx_word' id='word_1_305' title='bbox 457 4119 490 4168; x_wconf 88' lang='lat' dir='ltr'><strong>ad</strong></span> <span class='ocrx_word' id='word_1_306' title='bbox 503 4119 621 4168; x_wconf 88' lang='lat' dir='ltr'><strong>amussim</strong></span> <span class='ocrx_word' id='word_1_307' title='bbox 640 4119 779 4183; x_wconf 87' lang='lat' dir='ltr'><strong>comparari</strong></span> <span class='ocrx_word' id='word_1_308' title='bbox 795 4135 846 4168; x_wconf 92' lang='lat' dir='ltr'><strong>nou</strong></span> <span class='ocrx_word' id='word_1_309' title='bbox 866 4127 978 4182; x_wconf 83' lang='lat' dir='ltr'><strong>possunt,</strong></span> <span class='ocrx_word' id='word_1_310' title='bbox 995 4119 1084 4168; x_wconf 87' lang='lat' dir='ltr'><strong>eadem</strong></span> <span class='ocrx_word' id='word_1_311' title='bbox 1103 4118 1299 4182; x_wconf 84' lang='lat' dir='ltr'><strong>hymenaeomm</strong></span> 
     </span>
     <span class='ocr_line' id='line_1_36' title="bbox 123 4202 1297 4278; baseline -0.004 -18"><span class='ocrx_word' id='word_1_312' title='bbox 123 4226 218 4275; x_wconf 81' lang='lat' dir='ltr'><strong>genera</strong></span> <span class='ocrx_word' id='word_1_313' title='bbox 236 4223 273 4257; x_wconf 82' lang='lat' dir='ltr'><strong>se.</strong></span> <span class='ocrx_word' id='word_1_314' title='bbox 295 4202 424 4277; x_wconf 71' lang='grc' dir='ltr'><strong>ὑμέναιον</strong></span> <span class='ocrx_word' id='word_1_315' title='bbox 442 4203 756 4278; x_wconf 75' lang='grc' dir='ltr'><strong><em>κατακοιμητικὸν</em></strong></span> <span class='ocrx_word' id='word_1_316' title='bbox 775 4217 799 4256; x_wconf 92' lang='lat' dir='ltr'><strong>et</strong></span> <span class='ocrx_word' id='word_1_317' title='bbox 818 4203 1045 4277; x_wconf 68' lang='grc' dir='ltr'><strong>διεγερτικόν</strong></span> <span class='ocrx_word' id='word_1_318' title='bbox 1063 4207 1115 4256; x_wconf 89' lang='lat' dir='ltr'><strong>sive</strong></span> <span class='ocrx_word' id='word_1_319' title='bbox 1134 4203 1297 4276; x_wconf 78' lang='grc' dir='ltr'><strong>ὅρθριον;</strong></span> 
     </span>
     <span class='ocr_line' id='line_1_37' title="bbox 122 4291 1295 4364; baseline -0.004 -15"><span class='ocrx_word' id='word_1_320' title='bbox 122 4301 174 4349; x_wconf 75' lang='lat' dir='ltr'><strong>rid.</strong></span> <span class='ocrx_word' id='word_1_321' title='bbox 197 4296 284 4348; x_wconf 85' lang='lat' dir='ltr'><strong>schol.</strong></span> <span class='ocrx_word' id='word_1_322' title='bbox 304 4296 338 4346; x_wconf 84' lang='lat' dir='ltr'><strong>ad</strong></span> <span class='ocrx_word' id='word_1_323' title='bbox 347 4297 456 4347; x_wconf 85' lang='lat' dir='ltr'><strong>Theocr.</strong></span> <span class='ocrx_word' id='word_1_324' title='bbox 478 4297 556 4347; x_wconf 89' lang='lat' dir='ltr'><strong>XVlll</strong></span> <span class='ocrx_word' id='word_1_325' title='bbox 570 4310 592 4346; x_wconf 89' lang='lat'><strong>1.</strong></span> <span class='ocrx_word' id='word_1_326' title='bbox 614 4297 698 4361; x_wconf 90' lang='lat' dir='ltr'><strong>Toup.</strong></span> <span class='ocrx_word' id='word_1_327' title='bbox 720 4296 821 4346; x_wconf 88' lang='lat' dir='ltr'><strong>emend.</strong></span> <span class='ocrx_word' id='word_1_328' title='bbox 836 4295 862 4345; x_wconf 90' lang='lat' dir='ltr'><strong>in</strong></span> <span class='ocrx_word' id='word_1_329' title='bbox 876 4296 946 4346; x_wconf 90' lang='lat' dir='ltr'><strong>Suid.</strong></span> <span class='ocrx_word' id='word_1_330' title='bbox 965 4313 990 4361; x_wconf 91' lang='lat' dir='ltr'><strong>p.</strong></span> <span class='ocrx_word' id='word_1_331' title='bbox 1012 4296 1049 4345; x_wconf 93' lang='lat' dir='ltr'><strong>lll.</strong></span> <span class='ocrx_word' id='word_1_332' title='bbox 1070 4296 1104 4345; x_wconf 87' lang='lat' dir='ltr'><strong>ad</strong></span> <span class='ocrx_word' id='word_1_333' title='bbox 1116 4312 1141 4344; x_wconf 90' lang='lat' dir='ltr'><strong>v.</strong></span> <span class='ocrx_word' id='word_1_334' title='bbox 1161 4291 1295 4364; x_wconf 73' lang='grc' dir='ltr'><em>ὑμέναιος.</em></span> 
     </span>
    </p>

    <p class='ocr_par' dir='ltr' id='par_1_9' title="bbox 123 4383 1298 4543">
     <span class='ocr_line' id='line_1_38' title="bbox 233 4383 1298 4454; baseline -0.001 -19"><span class='ocrx_word' id='word_1_335' title='bbox 233 4383 257 4454; x_wconf 81' lang='lat'><strong>²)</strong></span> <span class='ocrx_word' id='word_1_336' title='bbox 286 4386 363 4450; x_wconf 83' lang='lat' dir='ltr'><strong>Apud</strong></span> <span class='ocrx_word' id='word_1_337' title='bbox 392 4386 628 4454; x_wconf 84' lang='lat' dir='ltr'><strong>Schneidewinum‚</strong></span> <span class='ocrx_word' id='word_1_338' title='bbox 658 4387 751 4437; x_wconf 90' lang='lat' dir='ltr'><strong>Rheiu.</strong></span> <span class='ocrx_word' id='word_1_339' title='bbox 782 4387 847 4436; x_wconf 91' lang='lat' dir='ltr'><strong>Mus.</strong></span> <span class='ocrx_word' id='word_1_340' title='bbox 877 4386 896 4435; x_wconf 89' lang='lat' dir='ltr'><strong>ll</strong></span> <span class='ocrx_word' id='word_1_341' title='bbox 920 4403 947 4450; x_wconf 91' lang='lat' dir='ltr'><strong>p.</strong></span> <span class='ocrx_word' id='word_1_342' title='bbox 978 4385 1042 4435; x_wconf 90' lang='lat'>118:</span> <span class='ocrx_word' id='word_1_343' title='bbox 1065 4386 1298 4449; x_wconf 87' lang='lat' dir='ltr'><strong>Hymenaeus</strong></span> 
     </span>
     <span class='ocr_line' id='line_1_39' title="bbox 123 4475 1298 4543; baseline -0.004 -14"><span class='ocrx_word' id='word_1_344' title='bbox 123 4480 259 4537; x_wconf 66' lang='lat' dir='ltr'><strong>nieht,</strong></span> <span class='ocrx_word' id='word_1_345' title='bbox 283 4476 348 4527; x_wconf 79' lang='lat' dir='ltr'><strong>wie</strong></span> <span class='ocrx_word' id='word_1_346' title='bbox 367 4476 808 4543; x_wconf 80' lang='lat' dir='ltr'><strong>derHochzeitsgesang</strong></span> <span class='ocrx_word' id='word_1_347' title='bbox 826 4476 994 4526; x_wconf 86' lang='lat' dir='ltr'><strong>verhallt</strong></span> <span class='ocrx_word' id='word_1_348' title='bbox 1016 4477 1086 4525; x_wconf 90' lang='lat' dir='ltr'><strong>und</strong></span> <span class='ocrx_word' id='word_1_349' title='bbox 1106 4476 1165 4525; x_wconf 88' lang='lat' dir='ltr'><strong>die</strong></span> <span class='ocrx_word' id='word_1_350' title='bbox 1183 4475 1298 4526; x_wconf 87' lang='lat' dir='ltr'><strong>Hoch·</strong></span> 
     </span>
    </p>
   </div>
   <div class='ocr_carea' id='block_1_7' title="bbox 890 4565 923 4626">
    <p class='ocr_par' dir='ltr' id='par_1_10' title="bbox 890 4565 923 4626">
     <span class='ocr_line' id='line_1_40' title="bbox 890 4565 923 4626; baseline 0 -28"><span class='ocrx_word' id='word_1_351' title='bbox 890 4565 923 4626; x_wconf 61' lang='lat'><strong>4*</strong></span> 
     </span>
    </p>
   </div>
   <div class='ocr_carea' id='block_1_8' title="bbox 0 0 1452 4920">
    <p class='ocr_par' dir='ltr' id='par_1_11' title="bbox 0 0 1452 4920">
     <span class='ocr_line' id='line_1_41' title="bbox 0 0 1452 4920; baseline 0 0"><span class='ocrx_word' id='word_1_352' title='bbox 0 0 1452 4920; x_wconf 95' lang='lat' dir='ltr'><strong> </strong></span> 
     </span>
    </p>
   </div>
  </div>
 </body>
</html>
